1814 3105
83 90 341 135 nssaffisse]

724 84 995 117 CAPTIVL
1577 83 1633 125 35

288 198 362 244 Qui
381 198 444 237 me
466 197 557 248 quid
579 209 712 236 rerum
733 197 797 235 hic
818 197 960 247 agitem
982 201 1020 235 et
1040 195 1133 247 quid
1153 194 1240 235 fieri
1260 195 1397 242 uelim,

286 254 392 293 Patri
413 266 501 292 meo
523 253 659 301 ordine
681 254 836 291 omnem
857 264 940 291 rem
962 251 1053 290 illuc
1072 251 1257 301 perferat.

288 310 400 349 Nunc
423 309 474 348 ita
497 309 681 348 conuenit
700 308 803 347 inter
823 320 885 346 me
907 312 1022 357 atque
1043 307 1167 352 hunc,
1191 307 1394 359 Tyndare,

1566 314 1631 345 375

286 367 334 405 Vt
351 369 389 404 te
412 365 668 404 aestumatum
691 365 728 403 in
752 352 907 403 Alidem
926 364 1074 401 mittam
1097 363 1144 401 ad
1165 369 1336 414 patrem:

127 425 181 462 20
286 422 327 460 Si
348 422 425 460 non
449 421 611 465 rebitas,
635 420 725 459 huic
746 425 790 459 ut
810 419 950 468 uiginti
972 419 1095 457 minas

287 478 382 516 Dem
403 478 476 527 pro
497 481 548 515 te.
588 476 666 515 PH.
688 475 809 515 Recte
831 475 1062 514 conuenisse
1084 474 1223 513 sentio.

286 534 382 572 Nam
405 533 516 583 pater
537 536 714 582 expectat
734 531 800 570 aut
821 543 882 570 me
903 536 967 586 aut
989 530 1156 582 aliquem
1178 529 1379 574 nuntium,

287 590 360 636 Qui
380 589 471 627 hinc
493 588 539 627 ad
562 600 603 627 se
625 588 767 629 ueniat.
806 587 881 626 TY.
905 588 1012 637 Ergo
1029 587 1200 625 animum
1216 586 1400 625 aduortas
1422 586 1524 632 uolo,
1568 593 1634 625 380

285 646 391 692 Quae
413 644 595 683 nuntiare
616 643 707 682 hinc
730 643 765 683 te
787 643 876 682 uolo
897 644 937 681 in
958 643 1124 694 patriam
1146 641 1193 681 ad
1220 647 1385 693 patrem.

128 703 178 741 25
196 701 274 740 PH.
297 700 557 745 Philocrates,
580 705 624 738 ut
645 699 772 738 adhuc
793 699 968 738 locorum
990 699 1083 743 feci,
1108 698 1246 737 faciam
1267 698 1423 742 sedulo,

195 747 249 796 Vt
269 756 545 808 potissumum,
569 755 672 806 quod
694 756 733 793 in
755 768 838 794 rem
861 755 968 794 recte
990 755 1183 794 conducat
1202 760 1328 800 tuam,

195 802 238 852 id
261 819 388 864 petam
412 812 568 862 semper
590 823 808 862 sequarque
831 811 969 855 corde,
993 811 1122 849 animo
1144 816 1259 860 atque
1279 810 1443 850 uiribus.

199 869 275 908 TY.
317 868 428 907 Facis
468 869 519 906 ita
559 873 602 906 ut
640 872 678 906 te
718 868 848 907 facere
890 872 1061 918 oportet:
1104 866 1209 905 nunc
1243 868 1412 906 animum
1449 867 1632 906 aduortas

887 923 991 962 uolo.
1568 929 1633 961 385

195 970 381 1020 &mnium
403 979 572 1030 primum
595 979 758 1018 salutem
781 979 899 1018 dicito
922 979 1036 1018 matri
1059 979 1097 1017 et
1116 981 1218 1030 patri

123 1040 177 1077 30
192 1027 243 1075 Et
264 1037 437 1087 cognatis
459 1036 497 1075 et
516 1036 665 1086 siquem
687 1035 805 1074 alium
827 1034 1128 1074 beneuolentem
1151 1035 1318 1074 uideris:

1552 1053 1618 1061 ⁶-—

193 1093 253 1132 Me
274 1092 339 1130 hic
360 1090 492 1131 ualere
515 1096 552 1131 et
573 1091 802 1130 seruitutem
825 1091 975 1131 seruire
996 1091 1087 1129 huic
1109 1091 1256 1129 homini
1277 1091 1455 1142 optumo,

194 1148 268 1196 Qui
290 1160 353 1187 me
375 1148 524 1187 honore
545 1147 810 1187 honestiorem
834 1147 989 1198 semper
1010 1147 1102 1186 feeit
1124 1146 1162 1186 et
1183 1147 1286 1185 facit.

1 1189 95 1269 ‘PF
175 1204 270 1244 «1³32
289 1194 395 1244 istuc
416 1216 465 1243 ne
487 1204 727 1255 praecipias,
751 1203 862 1243 facile
882 1203 1071 1242 memoria
1094 1202 1255 1242 memini
1277 1207 1406 1242 tamen

1566 1210 1633 1241 390

192 1260 267 1299 TY.
299 1260 397 1299 Nam
428 1260 606 1311 equidem
638 1261 712 1299 nisi
741 1260 843 1311 quod
873 1260 1074 1299 custodem
1103 1259 1229 1298 habeo
1258 1259 1427 1299 liberum
1455 1271 1518 1298 me
1548 1271 1632 1300 esse

886 1315 1067 1355 arbitror.

124 1375 176 1412 35
193 1372 319 1412 Dicito
340 1372 462 1422 patri,
487 1384 563 1423 quo
585 1378 696 1420 pacto
718 1372 814 1410 mihi
836 1385 922 1411 cum
946 1372 1021 1410 hoc
1044 1371 1274 1410 conuenerit

193 1429 248 1467 De
270 1428 386 1467 liuius
408 1428 497 1467 filio.
538 1428 616 1466 PH.
641 1428 747 1473 Quae
770 1430 947 1472 memini,
972 1428 1079 1466 mora
1102 1433 1248 1466 merast
1269 1426 1479 1466 monerier.

123 1530 199 1562 373.
226 1528 290 1571 qui
312 1539 365 1560 me
388 1528 477 1570 quid
500 1528 632 1570 ayitem
655 1529 821 1571 perferat

77 1572 102 1608 i.
126 1585 156 1606 e.
181 1574 244 1616 qui
267 1572 356 1615 quid
380 1584 456 1615 eqo
481 1573 613 1615 ayicem
642 1575 819 1615 perferat,

77 1629 104 1652 s.
138 1628 183 1650 zu
211 1617 318 1650 Trin.
343 1620 428 1659 373,
458 1628 504 1649 an
533 1616 590 1649 die
618 1617 730 1650 Stelle
759 1617 819 1651 des

77 1661 253 1696 formalen
280 1662 429 1705 Objects
452 1674 505 1694 me
528 1661 611 1695 tritt
634 1662 731 1695 daun
755 1662 817 1696 das

80 1707 237 1750 logische
257 1706 390 1750 Object
407 1718 542 1739 omnem
561 1719 645 1741 rem.

123 1755 200 1786 374.
216 1753 358 1793 ordine,
371 1751 434 1784 der
447 1751 560 1784 Reihe
574 1752 680 1791 nach,
694 1752 819 1786 Punkt

78 1796 138 1830 fiir
159 1797 304 1838 Punkt,
329 1796 401 1829 also
427 1796 652 1830 aussiihrlich
678 1797 749 1830 und
772 1797 819 1831 im

78 1841 213 1883 Detail,
227 1853 266 1875 so
282 1842 336 1874 oft
351 1842 453 1884 (Cas.
469 1841 501 1873 V
514 1845 547 1885 2,
565 1844 616 1875 18.
633 1845 685 1874 21.
705 1842 817 1875 Truc.

78 1887 116 1920 II
138 1891 178 1929 4,
196 1890 251 1921 57.
296 1886 393 1920 Men.
420 1886 471 1919 IV
488 1890 527 1927 3,
553 1889 584 1920 5.
628 1886 738 1920 Most.
764 1887 818 1920 III

79 1937 94 1966 1
108 1958 117 1975 ,
136 1935 190 1965 25.
224 1931 355 1966 Pseud.
373 1931 410 1963 II
427 1935 466 1973 3,
486 1934 537 1964 10.
571 1932 699 1977 Amph.
724 1932 761 1964 ΙΙ
787 1936 816 1971 1,

78 1980 131 2011 52.
157 1975 237 2010 Mil.
262 1976 318 2008 III
341 1979 382 2018 3,
406 1979 437 2009 2.
469 1975 521 2008 IV
539 1979 578 2018 4,
595 1979 649 2010 29.
682 1977 781 2011 Pers.
800 1977 817 2010 I

10 2027 13 2030 '
78 2026 112 2064 3,
127 2023 185 2063 11)
198 2020 256 2054 bei
269 2033 439 2057 narrare.
457 2022 706 2054 demonstrare
721 2033 756 2056 u.
767 2034 797 2056 a.
809 2049 817 2064 ,

77 2065 180 2100 meist
203 2065 270 2100 mit
290 2065 404 2098 einem
424 2066 579 2099 Zusatze
597 2066 665 2099 wie
683 2079 819 2100 omnem

78 2123 165 2154 rem,
183 2122 294 2150 omne,
314 2112 436 2144 omnia
452 2110 535 2144 oder
549 2117 694 2145 cuncta.
716 2113 818 2145 Auch

76 2155 157 2190 Liv.
176 2158 234 2198 39,
252 2158 293 2188 14
310 2157 476 2190 omnibus
494 2157 623 2189 ordine
650 2153 758 2199 (καθ’
776 2154 819 2191 ἓν

78 2199 256 2242 ἕκαστον)
281 2201 470 2243 expositis,
501 2201 539 2234 in
569 2201 720 2235 anderer
751 2202 817 2235 Be-

77 2245 244 2288 deutung
259 2244 364 2280 Trin.
387 2249 462 2279 830.

122 2294 199 2324 377.
225 2291 381 2323 rebitas:
411 2302 481 2324 von
505 2291 583 2324 dem
607 2291 704 2325 alten
722 2291 816 2325 Verb

78 2337 194 2369 Utere
212 2334 298 2368 oder
316 2337 433 2368 laetere
451 2352 494 2363 =
513 2338 566 2369 ire
585 2336 714 2379 (Mero.
733 2337 769 2369 ῘΙ
784 2342 814 2375 3,

78 2383 153 2414 127.
188 2380 317 2413 Pseud.
342 2380 358 2412 Ι
382 2384 420 2422 3,
440 2384 494 2415 23.
529 2381 637 2415 Cure.
661 2382 677 2414 I
701 2385 740 2423 2,
759 2385 812 2415 52.

76 2425 190 2459 Stich.
204 2425 256 2458 lV
269 2429 288 2458 2
300 2451 309 2465 ,
323 2426 383 2467 28)
407 2425 570 2458 kommen
587 2427 645 2460 bei
662 2426 816 2460 Plautus

76 2470 245 2513 folgende
287 2470 496 2514 Composita
535 2483 617 2504 vor:
681 2473 817 2505 abitcre

74 2514 185 2559 Epid.
221 2515 257 2548 ΙΙ
285 2519 326 2558 2,
353 2519 428 2549 119.
478 2514 575 2550 Rud.
607 2516 663 2549 III
693 2520 734 2560 4,
761 2520 814 2551 72.

75 2560 131 2593 III
154 2563 188 2602 5,
206 2563 260 2598 35,
288 2561 450 2594 adbitere
476 2560 582 2605 capt.
600 2565 677 2603 601,
704 2563 815 2595 inter—

76 2606 188 2638 bitere
223 2605 334 2638 Most.
363 2605 395 2636 V
419 2609 451 2648 1,
473 2608 535 2647 47,
573 2607 750 2649 perbitere
772 2623 815 2635 =

73 2650 196 2694 perire
218 2649 350 2685 Pseud.
374 2650 429 2683 III
455 2653 493 2692 1,
518 2653 569 2682 12.
611 2650 757 2685 Rud.11
782 2655 815 2694 6,

77 2697 133 2738 11,
147 2696 411 2739 praeterbitere
427 2695 538 2728 Poen.
552 2694 584 2726 V
597 2699 630 2738 3,
642 2699 699 2740 44,
723 2697 815 2730 rebi—

77 2744 152 2773 tere
166 2739 272 2784 Capt.
287 2743 364 2774 377.
384 2743 459 2773 406.
478 2743 554 2774 692.
573 2743 648 2775 743.

43 2799 46 2803 ’
122 2787 199 2818 379.
226 2790 351 2829 pater,
368 2784 469 2818 dein
486 2784 612 2819 vater.

934 1530 1009 1560 381.
1038 1528 1104 1568 ad,
1121 1538 1147 1560 s,
1170 1538 1214 1560 zu
1235 1529 1311 1561 357.

934 1574 1011 1604 382.
1031 1571 1103 1603 Der
1116 1572 1280 1605 Wechsel
1293 1572 1353 1606 des
1367 1572 1542 1606 Metrums
1558 1573 1631 1606 und

888 1616 949 1649 der
973 1616 1133 1649 Eintritt
1161 1617 1223 1649 der
1247 1617 1528 1661 gewichtigeren
1555 1617 1628 1651 und

889 1662 1059 1704 langeren
1075 1662 1399 1705 troch.Septenare
1412 1662 1504 1696 vvird
1517 1662 1632 1696 durch

888 1706 945 1739 die
965 1705 1221 1740 Feierlichkeit
1243 1707 1306 1740 der
1329 1709 1524 1741 valedictio
1547 1707 1630 1741 her·

886 1751 1103 1794 beigefiihrt.

935 1799 1010 1830 383.
1037 1797 1076 1829 in
1095 1808 1185 1838 rem,
1204 1808 1231 1829 s.
1251 1808 1296 1830 zu
1314 1796 1418 1830 Trin.
1437 1800 1515 1832 238.

934 1844 1011 1875 384.
1042 1841 1109 1874 Die
1133 1841 1275 1874 Biicher
1298 1842 1413 1875 haben
1441 1843 1485 1875 Id
1509 1847 1630 1886 petam

889 1887 926 1919 id
966 1898 1236 1930 persequarque
1276 1887 1341 1920 mit
1383 1887 1630 1930 unmdglicher

888 1930 1058 1974 Stellung
1074 1931 1134 1965 des
1151 1944 1230 1975 que.

932 1979 1010 2011 388.
1030 1978 1240 2010 servitutem
1255 1978 1403 2020 servire,
1421 1989 1452 2011 s.
1465 1977 1627 2012 zuTrin.

934 2069 1011 2100 389.
1040 2065 1121 2109 Vgl.
1141 2077 1186 2099 zu
1204 2069 1283 2108 244,

933 2114 1009 2145 390.
1026 2123 1070 2144 ne
1085 2111 1186 2145 nieht
1204 2115 1379 2155 „gesetzt,
1393 2111 1473 2146 dass
1487 2112 1629 2155 nicht“‚

887 2156 1044 2189 sondern
1077 2156 1297 2200 prohibitiv,
1335 2169 1361 2191 s.
1398 2169 1443 2190 zu
1476 2160 1554 2192 328.
1586 2176 1630 2181 —-

887 2203 1058 2234 memoria
1076 2203 1235 2243 memini,
1251 2214 1279 2236 s.
1296 2213 1341 2235 zu
1354 2205 1431 2236 244.
1445 2222 1489 2226 —-
1506 2208 1629 2236 tamen

888 2258 942 2279 am
975 2245 1080 2279 Ende
1112 2246 1171 2280 des
1200 2247 1328 2281 Verses
1363 2247 1436 2281 und
1465 2247 1526 2281 des
1557 2249 1629 2281 Ge-

886 2291 1048 2324 dankens
1066 2291 1137 2324 wie
1156 2295 1229 2326 183.
1245 2295 1322 2326 401.
1348 2292 1478 2337 Amph.
1500 2293 1518 2326 1
1533 2296 1567 2335 3,
1584 2296 1629 2326 44

886 2342 929 2369 ut
945 2349 1050 2380 quom
1069 2337 1167 2369 absis
1184 2349 1237 2370 me
1255 2350 1365 2378 ames,
1378 2350 1432 2371 me
1445 2343 1547 2371 tuam
1563 2339 1628 2370 ab-

886 2387 1020 2414 sentem
1045 2387 1177 2415 tamen.
1210 2382 1304 2416 Rud.
1326 2382 1363 2415 II
1381 2386 1418 2425 7,
1440 2385 1493 2416 11.
1526 2382 1578 2416 IV
1593 2385 1627 2425 4,

886 2429 939 2460 80.
972 2426 1084 2460 Poen.
1110 2427 1142 2458 V
1165 2430 1204 2468 2,
1229 2430 1303 2462 124.
1342 2427 1441 2461 Asin.
1465 2427 1483 2460 I
1507 2431 1546 2471 3,
1569 2431 1624 2462 43.

884 2471 969 2549 ΙΟείε.
993 2472 1009 2504 I
1038 2475 1089 2505 17.
1122 2472 1157 2504 II
1182 2476 1214 2515 7,
1238 2476 1271 2506 4.
1303 2472 1413 2517 Epid.
1433 2473 1489 2506 ΙΙΙ
1513 2477 1553 2516 3,
1570 2475 1626 2506 45.

904 2517 920 2549 Ι
957 2520 991 2557 4,
1010 2519 1064 2551 79.

930 2564 1006 2594 391.
1032 2563 1106 2595 nisi
1123 2564 1239 2605 quod,
1255 2574 1282 2596 s.
1303 2573 1347 2596 zu
1367 2562 1472 2597 Trin.
1492 2566 1569 2597 938.

930 2610 1007 2641 392.
1035 2619 1111 2640 cam
1124 2633 1132 2647 ,
1150 2619 1176 2640 s.
1195 2618 1240 2640 zu
1258 2610 1313 2641 22.
1340 2607 1474 2641 Miiller
1489 2607 1544 2641 Pl.
1560 2608 1623 2641 Pr.

886 2652 925 2684 S.
950 2654 1013 2685 739
1047 2651 1189 2695 schliigt
1217 2664 1297 2686 cum
1325 2654 1391 2686 hoc
1418 2653 1507 2686 mihi
1540 2652 1624 2685 oder

885 2696 974 2729 mihi
991 2709 1071 2730 cum
1088 2698 1154 2730 hoc
1170 2698 1229 2730 hic
1245 2709 1320 2731 vor.

924 2744 999 2775 393.
1008 2753 1108 2775 mora
1119 2748 1267 2785 merast,
1282 2742 1407 2785 „wiire
1414 2742 1513 2775 reine
1522 2741 1622 2774 Zeit-

886 2786 1238 2829 verschwendung“,
1253 2787 1323 2830 vgl.
1344 2790 1420 2821 903.

1307 2843 1355 2876 3*
