1814 3105
108 101 473 148 V‚2‚13—-V,3,13.]
746 94 1049 132 OAPTIVL‘
1603 100 1653 141 71

222 211 295 249 ST.
320 201 375 250 Vt
394 212 454 250 uis
473 211 551 249 fiat.
594 210 674 249 HE.
696 210 802 249 Bene
822 210 1042 260 morigerus
1063 209 1137 248 fuit
1156 221 1274 260 puer:
1299 221 1404 249 nunc
1426 211 1504 249 non
1527 212 1652 252 decet.

221 267 304 305 Hoc
325 278 497 317 agamus.
535 267 611 304 iam
634 266 807 305 animum
828 265 991 304 aduorte
1013 278 1057 304 ac
1078 265 1176 303 mihi
1199 278 1298 316 quae
1320 266 1446 304 dicam
1469 267 1654 308 edissere.

158 325 205 361 15
226 323 267 361 Si
290 323 366 360 eris
387 334 528 366 uerax,
551 322 604 361 e'x
624 323 702 360 tuis
722 321 840 360 rebus
861 320 1004 359 feceris
1024 320 1286 359 meliusculas.
1590 331 1655 361 965

222 377 296 416 ST.
328 378 463 428 Nugae
492 378 610 416 istaec
640 381 748 416 sunt:
779 377 856 414 non
886 388 948 415 me
970 387 1106 414 censes
1126 375 1229 413 scire
1252 376 1345 425 quid
1367 376 1507 427 dignus
1528 381 1653 418 siem?

220 433 298 472 HE.
321 422 374 472 Ᾰι
396 445 440 472 ea
461 432 734 484 supterfugere
756 432 858 480 potis
879 443 920 469 es
940 431 1062 481 pauca
1077 461 1086 474 ‚
1109 431 1142 469 si
1162 442 1242 468 non
1264 432 1405 472 omnia.

221 488 292 528 ST.
325 489 455 527 Pauca
478 488 686 538 ecfugiam,
716 487 816 526 scio:
846 499 935 525 nam
957 486 1076 525 multa
1098 486 1298 530 euenient‚
1333 492 1371 526 et
1392 488 1531 527 merito
1553 501 1652 535 meo,

220 544 317 589 Quia
341 550 379 583 et
399 544 479 594 fugi
502 549 539 582 et
560 543 631 581 tibi
653 543 844 593 subrupui
867 542 994 581 lilium
1016 547 1053 581 et
1074 541 1356 595 eum‘uendidi.

149 601 203 639 20
218 599 296 638 ΗΕ.
321 599 422 645 Quoi
444 600 621 638 homini?
662 598 733 637 ST.
757 598 1070 637 Theodoromedi
1091 598 1128 636 in
1151 597 1266 636 Alide
1288 597 1511 649 Polyplusio

220 656 295 694 Sex
318 656 446 694 minis,
487 655 564 693 HE.
588 655 665 693 Pro
687 654 726 693 di
748 655 995 693 inmortales:
1021 654 1053 692 is
1075 654 1232 705 quidem
1253 654 1369 693 huius
1390 656 1450 694 est
1471 660 1582 706 pater

216 710 441 750 Philocrati.
483 710 555 749 ST.
578 710 681 756 Quin
702 709 840 749 melius
863 712 953 749 noui
974 710 1091 762 quam
1113 715 1151 748 te
1174 715 1211 748 et
1234 710 1313 749 uidi
1335 711 1503 760 saepius.

216 766 295 805 HE.
319 767 462 810 serua,
487 767 660 817 Iuppiter
681 778 886 817 supreme,
911 772 947 805 et
969 766 1061 804 med
1082 770 1119 804 et
1141 777 1269 804 meum
1292 767 1452 815 gnatum
1476 767 1584 806 mihi.

217 822 480 866 Philocrates,
503 833 574 872 per
596 822 703 860 tuom
725 827 762 860 te
785 825 945 871 genium
968 823 1151 872 opsecro,
1176 822 1255 860 exi:
1280 823 1316 861 te
1339 822 1441 861 uolo.

1589 607 1656 638 970

419 1009 772 1043 PHILOCRATES.
822 1009 989 1043 HEGIO.
1040 1009 1338 1043 STALAGMVS.

102 1090 133 1127 V
157 1092 181 1128 3
217 1089 297 1128 ΡΗ.
328 1089 468 1140 Hegio,
499 1089 654 1127 adsum:
693 1088 821 1141 siquid
850 1100 913 1127 me
942 1089 1019 1131 uis,
1058 1088 1220 1139 impera.
1281 1089 1360 1128 HE.
1390 1089 1463 1129 Hic
1491 1090 1651 1141 gnatum

913 1155 1041 1182 meum
1592 1153 1658 1185 975

215 1200 299 1254 Tuo
321 1202 424 1252 patri
445 1201 495 1239 ait
517 1212 558 1238 se
580 1200 803 1239 uendidisse
825 1200 891 1239 sex
914 1200 1030 1238 minis
1050 1201 1090 1237 in
1114 1187 1242 1238 Alide.

214 1256 290 1297 ΡΗ,
321 1256 442 1302 Quam
474 1256 539 1295 diu
568 1256 607 1295 id
639 1256 844 1294 factumst?
893 1255 964 1295 ST.
986 1256 1057 1293 Hic
1079 1267 1204 1293 annus
1226 1256 1364 1306 incipit
1385 1257 1650 1298 uicensumus.

215 1312 291 1351 PH.
315 1312 427 1351 Falsa
449 1319 652 1351 memorat.
702 1312 772 1350 ST.
802 1311 877 1350 Aut
898 1323 969 1361 ego
992 1318 1057 1349 aut
1078 1316 1137 1350 tu:
1161 1311 1250 1350 nam
1272 1311 1343 1350 tibi
1364 1313 1654 1364 quadrimulum

174 1371 197 1407 5
215 1368 320 1406 Tuos
341 1374 452 1419 pater
476 1367 713 1418 peculiarem
736 1367 900 1418 paruolo
924 1368 1047 1416 puero
1070 1366 1189 1405 dedit.

214 1424 292 1462 PH.
317 1424 417 1470 Quid
440 1429 523 1462 erat
545 1425 578 1462 ei
600 1424 767 1462 nomen?
798 1424 830 1461 si
852 1435 945 1461 uera
969 1423 1084 1466 dicis,
1108 1423 1377 1462 memoradum
1401 1425 1508 1464 mihi.
1587 1432 1655 1463 980

215 1480 287 1518 ST.
310 1480 524 1530 Paegnium
547 1479 743 1518 uocatust:
767 1484 855 1530 post
876 1491 947 1517 uos
970 1479 1162 1517 indidistis
1184 1479 1380 1531 Tyndaro.

213 1535 291 1574 PH.
315 1535 393 1575 Cur
417 1547 488 1585 ego
512 1541 547 1574 te
569 1547 648 1574 non
671 1535 786 1573 nuui‘?
831 1535 904 1573 ST.
928 1534 1024 1580 Quia
1047 1547 1131 1572 mos
1154 1536 1213 1573 est
1234 1535 1412 1574 obliuisci
1433 1536 1658 1576 hominibus

215 1591 352 1641 Ne'que
369 1592 542 1636 nouisse,
567 1592 706 1641 quoius
729 1590 839 1628 nihili
860 1590 910 1629 sit
930 1590 1111 1629 faciunda
1134 1590 1270 1639 gratia.

147 1650 198 1687 10
214 1647 291 1686 PH.
316 1647 385 1686 Dic
408 1648 523 1691 mihi,
546 1648 629 1685 isne
651 1647 740 1685 istic
762 1647 833 1685 fuit
854 1658 970 1697 quem
993 1646 1202 1685 uendidisti
1223 1648 1310 1685 meo
1332 1650 1452 1699 patri,

216 1703 291 1749 Qui
313 1703 406 1741 mihi
428 1702 637 1753 peculiaris
660 1703 770 1742 datus
793 1704 874 1741 est?
916 1702 988 1740 ST.
1012 1703 1133 1741 Huius
1155 1702 1272 1742 silius.
1591 1711 1657 1742 985

213 1759 292 1797 HE.
316 1759 471 1797 Viuitne
492 1760 524 1797 is
545 1759 687 1797 homo?
723 1759 794 1797 ST.
819 1759 1032 1808 Argentum
1055 1760 1208 1808 accepi,
1233 1758 1287 1797 nil
1310 1760 1445 1798 curaui
1468 1760 1654 1799 ceterum.

214 1815 291 1854 HE.
317 1815 417 1860 Quid
441 1821 482 1853 tu
505 1816 582 1853 ais?
624 1816 700 1854 PH.
725 1815 827 1860 Quin
850 1815 936 1853 istic
957 1815 1079 1865 ipsust
1101 1814 1307 1866 Tyndarus
1328 1821 1416 1854 tuos
1438 1815 1561 1861 silius,

100 1935 211 1970 Most.
237 1935 254 1968 I
273 1939 310 1977 1,
329 1938 385 1971 57.
413 1936 514 1970 Asin.
537 1936 573 1968 II
590 1940 628 1978 2,
644 1939 700 1972 41,
727 1936 840 1970 Truc.

101 1980 138 2013 ΙΙ
153 1984 188 2023 4,
201 1983 257 2014 26.
282 1980 394 2014 Poen.
409 1981 427 2013 I
441 1984 473 2024 2,
492 1983 566 2015 138.
587 1981 686 2014 Pers.
702 1981 753 2013 IV
766 1984 838 2023 3,2.

145 2028 222 2059 963.
246 2026 323 2068 fuit
339 2037 431 2069 puer
449 2026 574 2068 „ware
591 2038 630 2059 er
647 2026 698 2058 als
716 2026 843 2058 Knabe

101 2070 306 2113 gewesen“.
332 2089 372 2094 —
399 2072 623 2113 moriqerus,
654 2070 843 2103 Erwiede-

100 2125 197 2157 rung
219 2115 285 2147 auf
296 2114 355 2147 die
371 2115 485 2148 durch
510 2121 552 2148 ut
569 2117 708 2157 visfiat
724 2115 843 2148 kund-

101 2160 281 2202 gegebene
297 2158 603 2203 Willffihrigkeit,
628 2160 692 2193 mit
709 2160 842 2193 dersel-

100 2204 168 2237 ben
189 2204 367 2237 obsciinen
386 2204 614 2249 Anspielung
633 2205 701 2238 wie
719 2207 795 2238 864.

146 2251 224 2283 966.
251 2249 340 2292 quid
360 2250 494 2292 dignus
513 2251 618 2292 siem,
641 2262 679 2283 so
706 2249 806 2283 Asin.
827 2249 843 2282 I

99 2297 140 2336 2,
172 2296 215 2327 23
248 2294 357 2326 viden
390 2299 432 2327 ut
465 2306 510 2327 ne
538 2296 582 2328 id
612 2296 756 2338 quidem
790 2306 844 2327 me

101 2339 254 2381 diynum
267 2350 343 2372 esse
356 2340 564 2374 existumat.
595 2340 679 2372 Ter.
695 2339 842 2373 Phorm.

100 2385 165 2417 519
184 2384 223 2416 di
239 2384 306 2416 tibi
325 2395 446 2417 omnes
464 2384 503 2417 id
521 2386 636 2427 quod
654 2396 689 2417 es
708 2385 844 2427 dignus

100 2428 223 2462 duint.

145 2475 224 2506 972.
251 2472 472 2514 Philocrati,
492 2481 526 2506 s.'
542 2484 587 2506 zu
607 2476 683 2507 525.

146 2519 224 2551 975.
251 2518 389 2560 siquid
406 2529 460 2550 me
476 2519 549 2560 vis,
570 2530 596 2551 s.
617 2529 662 2551 zu
681 2521 759 2552 614.

146 2565 222 2595 977.
250 2574 359 2605 quam
376 2563 441 2595 diu
453 2588 462 2604 ‚
480 2574 507 2595 s.
529 2573 572 2595 zu
588 2563 691 2596 Trin.
709 2566 784 2596 608.
801 2582 844 2586 -—-

100 2607 361 2648 vicensumas,
380 2606 437 2639 die
455 2607 565 2640 Form
583 2607 648 2640 mit
665 2619 688 2640 η
706 2608 785 2640 hier
798 2607 841 2650 B,

100 2651 278 2696 Beispiele
303 2662 368 2685 aus
391 2652 614 2685 Inschriften
637 2651 716 2695 gibt
733 2652 843 2685 Cors-

99 2707 165 2729 sen
184 2698 333 2740 Ausspr.
350 2696 368 2729 I
386 2697 423 2730 S.
444 2699 496 2730 98.

146 2743 222 2775 980.
251 2742 341 2784 quid
359 2753 508 2783 nomen,
532 2753 560 2774 s.
580 2752 624 2775 zu
641 2741 746 2775 Trin.
765 2743 842 2775 889.

144 2787 222 2818 981.
234 2787 424 2829 Παίγνιον
432 2781 694 2831 νυίθἙρώτιον,
704 2782 843 2830 Στρού-

913 1937 1004 1969 θιον
1023 1936 1291 1979 (Spatzchen),
1319 1932 1544 1979 Ναννάριον
1570 1949 1603 1971 u.
1624 1950 1655 1973 a.

913 1991 978 2013 zur
1020 1981 1279 2023 Bezeichnung
1317 1993 1389 2014 von
1421 1981 1656 2016 Leibknaben

914 2026 1026 2068 (auch
1045 2025 1415 2068 wohlLustknaben),
1430 2026 1570 2070 Pagen,
1584 2028 1657 2061 und

912 2082 950 2103 so
968 2070 1110 2103 scheint
1128 2070 1220 2103 auch
1248 2070 1430 2104 Tranium
1449 2068 1656 2114 (Τράνιον)

913 2115 1025 2149 Most.
1041 2115 1096 2147 ΙΙΙ
1117 2118 1147 2158 1,
1163 2119 1205 2148 33
1225 2116 1326 2158 (560)
1346 2116 1545 2159 aufgefasst
1563 2129 1656 2150 vver-

913 2159 982 2192 den
1000 2171 1045 2192 zu
1064 2159 1219 2193 miissen.

912 2248 922 2281 l
958 2208 1036 2238 983.
1060 2206 1205 2247 qratia,
1230 2204 1353 2238 dessen
1374 2206 1497 2239 Gunst:
1522 2207 1656 2240 werth-

927 2261 964 2282 os
981 2249 1040 2285 ist.

958 2297 1040 2327 984:
1082 2294 1194 2327 Sinn:
1230 2306 1305 2327 war
1338 2294 1412 2328 dies
1447 2296 1561 2337 (istic)
1595 2295 1659 2328 der

914 2339 1049 2381 (isne),
1072 2338 1236 2372 welchen
1261 2351 1294 2372 u.
1313 2351 1341 2373 s.
1360 2352 1425 2382 w.‚
1450 2340 1508 2372 die
1530 2341 1656 2373 beiden

912 2383 1160 2417 Relativsiitze
1188 2383 1271 2417 sind
1300 2384 1542 2426 coordiniert,
1574 2387 1657 2418 istic

915 2428 980 2461 mit
994 2428 1205 2471 Beziehung
1223 2429 1287 2461 auf
1300 2428 1356 2461 die
1374 2429 1504 2463 zweite
1517 2430 1656 2463 Person

916 2473 1039 2515 (Trin.
1052 2474 1136 2514 873)
1153 2474 1320 2515 „del-von
1335 2474 1436 2507 dirso
1453 2475 1541 2508 eben
1554 2476 1655 2518 (981)

913 2519 1100 2551 ervvz'ihnte
1117 2519 1295 2561 Piignium
1308 2519 1570 2562 —Tyndarus“.

959 2566 1036 2596 986.
1075 2569 1231 2596 ceterum
1261 2563 1362 2596 nicht
1385 2579 1428 2591 =
1450 2569 1657 2608 praeterea,

912 2607 1068 2640 sondern
1088 2607 1222 2651 Object.
1245 2619 1290 2640 zu
1315 2609 1444 2641 curavi
1468 2608 1536 2641 wie
1559 2608 1656 2640 Men.

912 2654 978 2685 224
995 2658 1152 2685 ceterum
1166 2664 1268 2686 cura.
1295 2652 1403 2686 Most.
1420 2652 1471 2685 IV
1483 2656 1516 2694 2,
1529 2655 1549 2685 5
1567 2654 1656 2696 quid

912 2697 951 2729 id
968 2697 1106 2730 curas?

957 2745 1035 2775 987.
1070 2746 1306 2784 aryumenta,
1335 2741 1392 2774 die
1417 2741 1651 2775 Thatsachen

913 2785 964 2819 als
984 2785 1252 2820 Beweismittel.
