1814 3105
96 55 379 101 „ssLa3b-w]

363 164 443 202 HE.
465 163 598 202 Facito
621 164 715 213 ergo
738 168 780 202 ut
799 161 1015 201 Acherunti
1036 162 1167 202 clueas
1188 163 1325 213 gldria.

747 51 1020 84 CAPTIVL
1600 50 1659 91 55

1588 169 1656 201 685

362 219 438 258 TY.
463 218 536 264 Qui
557 219 628 269 per
649 219 834 258 uirtutem
855 218 1037 268 perierit,
1060 230 1138 256 non
1161 218 1308 268 interit.

362 274 441 313 HE.
466 274 628 320 Quando
650 275 722 323 ego
743 279 780 312 te
802 273 989 324 exemplis
1010 275 1205 324 pessumis
1227 273 1457 313 cruciduero
1508 294 1565 307 .-

359 335 486 381 Atque
509 330 558 369 oh
581 329 725 369 sutelas
746 329 831 367 tuas
852 334 890 366 te
911 330 1028 367 morti
1051 328 1215 373 misero,

144 388 197 425 35
361 385 429 424 Vel
451 390 487 425 te
509 387 690 424 interisse
712 384 775 423 uel
796 385 946 434 perisse
968 384 1214 434 praedicent,

360 442 458 480 Dum
479 441 636 492 pereas,
660 439 757 478 nihil
778 439 961 479 interduo
984 442 1088 478 aiant
1112 439 1261 477 uiuere.

1590 445 1658 476 690

360 497 436 535 ΤΥ.
461 495 529 535 Pol
550 498 582 534 si
604 497 702 534 istuc
725 496 841 539 saxis,
864 494 968 533 haud
991 496 1074 534 sine
1096 506 1220 546 poena
1244 493 1404 539 feceris,
1427 517 1463 526 -

360 553 401 591 Si
421 552 484 591 ille
506 551 583 590 huc
603 551 765 595 rebitet,
789 550 845 589 sic
866 556 909 589 ut
930 550 1082 589 confido
1105 550 1256 589 adfore.

363 609 441 646 AR.
466 607 603 649 Prodi
624 606 871 645 inmortales:
896 606 999 645 nunc
1022 618 1093 656 ego
1118 611 1253 650 teneo,
1277 605 1382 644 minc
1405 606 1485 644 scio

144 664 197 702 40
361 663 460 709 Quid
484 659 564 701 hoc>
579 662 630 702 sit
651 664 795 711 negoti.
838 663 949 701 meus
970 662 1113 700 sodalis
1134 661 1377 700 Philocrates

360 719 401 757 [n
423 718 640 757 libertatest
660 718 708 756 eid
730 724 879 769 patrem
903 720 942 756 in
964 718 1103 769 patr-izi.
1148 717 1304 756 henest:

1581 723 1646 754 695

359 774 440 814 Nee
462 774 705 825 quisquamst
725 774 944 822 hominum,
971 775 1150 824 adaeque
1173 773 1311 811 melius
1334 772 1427 823 quoi
1449 772 1583 811 uelim.

92 939 137 962 -es
150 928 288 962 Ritschl
301 929 403 961 Neue
416 928 470 960 Pl.
487 928 602 961 Exc.'I
616 928 651 961 S.
663 931 705 961 99
721 928 838 961 wahr-

96 972 296 1006 scheinlich
321 973 452 1014 findet,
476 972 556 1006 dass
581 972 840 1016 urspriinglich

99 1019 402 1061 praedoptavisse
426 1017 502 1050 hler
525 1017 725 1060 gestanden
750 1017 840 1050 habe

101 1062 266 1097 wieTer.
284 1062 383 1096 Adel.
399 1064 463 1096 766
476 1063 783 1106 prodeambulare
796 1077 840 1089 =

99 1107 448 1152 prodambulareist.
460 1129 503 1134 -
516 1119 625 1150 quam
640 1107 670 1139 is
683 1107 819 1150 periret
829 1120 838 1138 :

97 1151 195 1185 nach
217 1153 339 1195 potius
363 1164 473 1195 quam
496 1163 530 1184 u.
549 1151 580 1183 ἃ.
604 1152 701 1184 steht
723 1150 840 1194 regel—

99 1195 231 1239 massig
255 1196 318 1229 der
339 1196 583 1240 ConJunctiv,
608 1195 671 1229 der
695 1195 763 1229 wie
785 1195 842 1228 bei

99 1241 402 1286 hypothetischen
439 1241 574 1274 Siitzen
614 1240 677 1274 das
709 1240 841 1273 Nicht-

99 1285 286 1319 wirkliche
308 1286 528 1319 bezeichnet.
560 1289 637 1319 422.
674 1285 772 1318 Asin.
791 1283 842 1317 lv

100 1334 140 1372 2,
159 1334 178 1363 2
197 1331 308 1364 emori
325 1343 377 1364 me
394 1332 517 1364 malim
535 1343 644 1373 quam
662 1331 750 1363 haec
768 1341 841 1362 non

99 1376 179 1409 eius
195 1376 305 1409 uxori
323 1377 488 1408 indicem.
519 1375 601 1409 Aul.
620 1375 637 1407 Ι
657 1379 688 1417 1,
707 1377 746 1407 11
767 1375 842 1407 uti-

98 1432 186 1453 nam
199 1432 252 1453 me
266 1421 343 1453 divi
364 1421 523 1454 adaxint
538 1421 586 1453 ad
601 1420 843 1463 suspendium

95 1466 223 1509 ,potius
241 1466 385 1507 quidem
403 1476 512 1507 quam
530 1465 594 1497 hoc
611 1469 718 1507 pacto
737 1465 839 1507 apud

97 1514 134 1543 te
150 1510 318 1542 serviam.
345 1508 475 1542 Pseud.
493 1510 510 1542 I
528 1513 560 1551 3,
577 1512 640 1542 134
659 1514 767 1551 atque
785 1520 841 1541 oc-

93 1554 172 1587 cidi
189 1566 330 1598 quoque
343 1555 466 1597 potius
480 1566 589 1596 quam
604 1554 719 1586 cibum
733 1565 841 1596 prae-

96 1600 275 1637 hiberem3
296 1598 343 1631 ib.
365 1598 381 1630 Ι
399 1601 430 1640 5,
453 1602 513 1631 141
535 1599 657 1637 potius
676 1609 785 1639 quam
802 1598 841 1630 id

97 1655 173 1677 non
191 1645 265 1687 fiat
287 1654 350 1686 eqo
374 1645 479 1676 dabo.
519 1643 630 1676 Poeu.
652 1642 702 1675 IV
719 1646 758 1683 2,
777 1645 840 1675 100

99 1690 167 1722 uni
189 1689 314 1732 potius
338 1688 441 1721 intus
465 1700 524 1720 ero
549 1689 631 1720 odio
656 1699 765 1729 quam
783 1688 840 1719 hic

95 1734 167 1766 sim
195 1733 295 1766 vobis
319 1733 498 1766 omnibus.
539 1732 625 1766 Ter.
650 1732 746 1765 Eun.
778 1734 841 1764 174

94 1778 223 1822 potius
257 1789 366 1821 quam
399 1782 432 1810 te
461 1778 647 1811 inimicum
676 1778 840 1817 habeam,

96 1823 234 1865 faciam
248 1827 290 1855 ut
303 1823 467 1855 iusseris.
492 1822 582 1855 Hec.
601 1824 668 1855 424
686 1822 842 1864 denique

97 1868 216 1900 hercle
245 1868 456 1909 aufugerim
493 1867 617 1910 potius
648 1878 758 1909 quam
785 1878 841 1898 re-

98 1913 214 1945 deam.
247 1911 349 1944 Adel.
364 1914 429 1945 240
446 1912 571 1955 potius
585 1923 694 1955 quam
711 1911 840 1944 venias

97 1957 138 1990 in
155 1957 375 2000 periculum,
395 1956 583 1989 dividuom
598 1958 690 1998 face.

143 2014 220 2046 685.
256 2012 460 2044 Acherunti
494 2012 584 2044 auch
618 2015 701 2052 995,
734 2023 761 2044 s.
796 2022 840 2043 zu

95 2056 204 2090 Trin.
227 2060 306 2090 494.
358 2056 501 2089 Andere
529 2055 842 2090 Locativablative

97 2101 155 2134 bei
167 2101 319 2134 Plautus
329 2102 473 2144 Sycz'oni
484 2101 572 2134 Cist.
584 2102 601 2133 I
615 2104 688 2142 3,8.
711 2101 841 2134 Pseud.

97 2146 150 2179 IV
166 2149 205 2187 2,
223 2149 284 2187 38,
301 2146 528 2188 Karthagini
547 2146 657 2179 Poen.
676 2145 707 2177 V
725 2149 744 2178 2
757 2171 765 2187 ,
785 2149 838 2180 78.

96 2194 141 2225 96
161 2191 234 2223 und
251 2191 393 2234 pereqri
416 2191 517 2224 Pers.
538 2191 554 2223 1
574 2194 610 2232 1,
629 2194 671 2224 30
691 2202 723 2223 u.
745 2202 777 2224 0.
798 2209 841 2214 —

98 2237 242 2277 clueas,
259 2247 286 2269 s.
307 2246 352 2268 zu
370 2235 472 2270 Trin.
491 2239 568 2270 309.

143 2293 220 2326 686.
258 2303 323 2331 per
349 2291 448 2323 steht
476 2290 552 2324 hier
580 2296 730 2334 propter
757 2291 862 2324 sehr'

94 2336 205 2370 nahe.
235 2335 318 2378 Vgl.
334 2335 445 2368 Truc.
460 2335 511 2368 IV
525 2339 559 2378 1,
571 2340 590 2369 9
609 2337 731 2369 salvos
749 2348 840 2378 sum,

97 2382 187 2425 quia
204 2393 330 2424 pereo.-
349 2382 469 2413 sinon
484 2392 642 2424 peream,
655 2382 766 2424 plane
784 2382 841 2413 in-

98 2427 271 2460 terierim.
307 2424 448 2458 Nonius
468 2437 502 2469 p.
523 2428 587 2458 422
608 2427 790 2469 „perire
809 2431 842 2458 et

98 2471 296 2504 interire
312 2471 513 2514 plurimum
529 2471 759 2511 differentiae
773 2472 841 2503 Ῐια-

100 2516 175 2557 bet,
204 2516 300 2557 quod
330 2527 351 2557 p
363 2517 479 2547 erire
508 2516 622 2547 levior
651 2527 707 2547 res
731 2520 784 2548 est
808 2520 842 2548 et

99 2560 440 2593 habetinventionis
449 2571 546 2602 spem
555 2564 670 2592 etnon
681 2561 841 2593 omnium

99 2604 525 2647 rerumfinem.Doederl.
535 2604 625 2646 Syn.
635 2604 688 2637 ΙΙΙ
697 2605 732 2638 S.
744 2608 805 2637 177
816 2604 840 2637 f.

97 2648 236 2682 erklfirt
243 2650 363 2691 perire
377 2648 428 2681 als
437 2648 494 2681 ein
506 2660 550 2681 zu
562 2650 639 2681 Gru
646 2648 712 2681 nde
725 2649 840 2692 gehen

99 2693 307 2736 desLeibes,
325 2694 479 2726 interire
495 2693 558 2726 der
567 2693 668 2726 Seele
682 2694 767 2727 oder
780 2693 839 2726 des

98 2737 258 2772 Namens
294 2738 366 2771 und
395 2738 655 2774 Nachruhmes,
689 2758 732 2762 —
767 2739 841 2771 Fiir

909 929 1061 972 perierit
1107 927 1222 960 haben
1269 926 1326 959 die
1365 925 1657 960 Handschriften

936 975 1058 1006 eritat.

909 987 931 1017 p
955 1021 1033 1051 687.
1061 1018 1262 1060 exemplum
1289 1016 1338 1049 ist
1367 1014 1447 1048 eine
1475 1015 1656 1059 exempla-

908 1063 1026 1095 rische
1034 1061 1167 1102 Weise,
1177 1061 1236 1094 ein
1244 1072 1282 1094 so
1297 1059 1657 1093 charakteristisches

909 1107 1110 1140 Verfahren
1122 1131 1130 1147 ,
1148 1105 1228 1139 dass
1246 1117 1283 1138 es
1302 1105 1361 1137 fiir
1378 1104 1547 1146 kiinftige
1564 1104 1657 1137 z'ihn—

909 1151 1001 1185 liche
1026 1150 1126 1184 Faue
1151 1150 1202 1183 als
1228 1149 1387 1194 Beispiel
1417 1148 1490 1181 und
1514 1148 1659 1183 Muster

911 1196 989 1240 gilt,
1020 1195 1152 1229 Bacch.
1168 1195 1200 1226 V
1220 1199 1251 1234 1,
1264 1198 1283 1228 6
1303 1194 1469 1227 omnibus
1484 1195 1657 1238 eaeemplis

911 1242 1065 1274 crucior.
1099 1239 1207 1283 Epid.
1227 1239 1259 1271 V
1276 1243 1309 1279 2,
1329 1242 1348 1272 6
1367 1243 1455 1282 quot
1472 1250 1526 1271 me
1543 1251 1657 1272 exem—

911 1287 982 1329 plis
1001 1285 1244 1328 ludificatust.
1275 1284 1388 1317 Truc.
1404 1283 1421 1315 I
1436 1286 1466 1325 1,
1483 1286 1514 1318 5.
1541 1283 1652 1318 Most.

911 1330 962 1363 IV
976 1335 1008 1372 3,
1022 1332 1078 1371 46,
1092 1329 1204 1362 daher
1218 1329 1273 1362 oft
1287 1328 1657 1372 vonStrafexempeln

914 1375 981 1408 wie
1006 1373 1082 1406 hier
1108 1373 1178 1406 und
1198 1373 1305 1406 Most.
1324 1373 1341 1405 Ι
1360 1376 1399 1415 3,
1417 1375 1470 1408 35.
1489 1375 1543 1406 55.
1572 1372 1602 1405 V
1621 1377 1653 1416 l,

955 1466 1032 1497 688.
1053 1463 1266 1505 „sutelae
1285 1463 1432 1494 dolosae
1451 1463 1614 1495 astutiae
1632 1474 1654 1495 a

910 1509 1154 1542 similitudine
1171 1508 1358 1540 suentium
1375 1507 1535 1541 dictae.“
1556 1507 1655 1542 Fest.

910 1566 944 1597 p.
970 1556 1046 1587 310.
1083 1552 1164 1585 Cas.
1190 1551 1207 1584 Ι
1233 1555 1268 1592 1,
1296 1554 1327 1584 7.
1371 1550 1492 1585 Daher
1509 1552 1657 1585 consuti

911 1594 1657 1642 doli-Amph.Il‚2ll.Pseud.I5‚126‚vgl.

910 1643 979 1675 den
998 1641 1243 1675 homerischen
1261 1641 1407 1684 Tropus
1435 1639 1571 1680 δόλους
1591 1641 1658 1674 καὶ

910 1689 1023 1731 μῆτιν
1042 1683 1224 1729 ὑφαίνειν
1249 1685 1323 1718 und
1347 1696 1453 1718 unser
1472 1685 1658 1727 „Gewebe

910 1744 981 1766 von
1004 1731 1088 1774 Lug
1112 1731 1184 1764 und
1208 1730 1350 1773 Trug“.
1375 1749 1418 1753 —
1442 1731 1551 1763 morti
1575 1731 1657 1763 mit—

909 1783 997 1819 tere,
1014 1776 1084 1819 ng.
1101 1776 1162 1809 das
1178 1774 1401 1808 homerische
1414 1770 1506 1808 Ἀίδι
1521 1772 1656 1816 προϊά-

909 1834 1019 1855 πτειν
1045 1820 1119 1854 und
1142 1820 1234 1854 Hor.
1254 1821 1331 1853 Sat.
1353 1819 1389 1852 II
1413 1822 1452 1861 5,
1470 1822 1512 1853 49
1537 1820 1654 1862 siquis

910 1878 1019 1900 casus
1037 1878 1192 1910 puerum
1210 1866 1324 1908 eyerit
1341 1865 1445 1897 Orco.

956 1915 1032 1945 690.
1062 1912 1254 1952 interduo,
1271 1922 1299 1943 s.
1321 1920 1365 1942 zu
1384 1908 1489 1941 Trin.
1509 1912 1585 1942 994.

956 1959 1032 1990 692.
1059 1957 1189 1998 adfore
1205 1966 1254 1988 se.
1274 1966 1366 1988 eum.

956 2014 1032 2045 695.
1061 2012 1130 2052 ad,
1158 2022 1184 2045 S.
1205 2022 1255 2043 .zu
1279 2012 1333 2043 49.
1355 2028 1395 2033 ——
1426 2010 1512 2042 bene
1535 2014 1589 2042 est
1613 2025 1659 2037 =

911 2057 1034 2093 καλῶς
1051 2054 1122 2097 (εὐ)
1139 2053 1228 2098 ἔχει,
1251 2066 1312 2096 „es
1331 2054 1431 2086 freut
1447 2053 1567 2086 mich“
1586 2053 1657 2087 wie

912 2101 992 2134 Cas.
1012 2100 1067 2133 ΙΙΙ
1084 2104 1117 2142 4,
1138 2103 1190 2133 15.
1220 2099 1324 2132 Trin.
1339 2102 1393 2132 52.
1420 2099 1468 2132 So
1488 2103 1658 2132 nament—

911 2146 981 2178 lieh
1000 2151 1144 2188 optume
1161 2150 1213 2177 est
1227 2148 1305 2178 702.
1334 2143 1464 2187 Amph.
1480 2144 1537 2176 III
1551 2148 1584 2185 3,
1602 2147 1656 2178 10.

912 2192 993 2224 Cas.
1013 2190 1067 2222 ΙΙΙ
1086 2192 1118 2231 6,
1140 2193 1193 2223 14.
1219 2188 1252 2220 V
1269 2192 1301 2230 2,
1319 2192 1374 2222 52.
1401 2189 1536 2223 Bacch.
1552 2188 1608 2221 III
1621 2191 1656 2230 4,

911 2240 941 2269 3.
970 2235 1019 2267 IV
1035 2238 1066 2277 G,
1089 2238 1140 2267 13.
1169 2233 1282 2267 Mero.
1299 2233 1375 2275 V4,
1391 2236 1446 2267 49.
1475 2233 1658 2268 Stichjv

913 2284 950 2322 1,
970 2283 1030 2321 31,
1061 2279 1223 2321 dagegen
1248 2284 1435 2322 optumum
1459 2283 1512 2311 est
1534 2278 1573 2311 in
1592 2279 1657 2312 ob-

907 2324 1077 2368 jectivem
1095 2324 1209 2357 Sinne
1234 2323 1333 2357 Asin.
1352 2322 1403 2355 IV
1423 2327 1459 2364 1,
1478 2326 1532 2357 41.
1571 2323 1656 2356 Aul.

910 2370 947 2402 II
965 2373 997 2412 2,
1017 2372 1070 2403 60.
1099 2369 1212 2402 Truc.
1232 2368 1268 2401 II
1287 2371 1319 2410 7,
1337 2371 1391 2401 65.

957 2428 1033 2459 696,
1063 2426 1228 2468 adaeque
1246 2423 1310 2456 mit
1327 2423 1404 2456 dem
1419 2423 1658 2468 Comparativ

914 2469 981 2503 wie
998 2473 1082 2511 824,
1100 2481 1137 2503 so
1157 2469 1249 2502 auch
1269 2480 1381 2511 aeque
1399 2468 1510 2503 Mero.
1531 2469 1566 2501 II
1584 2473 1617 2511 3,
1639 2472 1655 2501 1

911 2516 1015 2547 homo
1042 2526 1095 2547 me
1120 2515 1286 2546 miserior
1304 2514 1434 2546 nullus
1458 2518 1511 2545 est
1529 2525 1654 2557 aeque,

910 2559 1095 2592 vielleicht
1108 2559 1199 2591 auch
1215 2558 1294 2591 Cas.
1310 2557 1339 2590 V
1356 2562 1384 2600 l,
1399 2561 1418 2590 6
1434 2558 1526 2590 nach
1536 2558 1656 2591 Fuhr-

912 2605 1054 2636 mann’s
1077 2603 1349 2645 Verbesserung
1379 2614 1491 2646 aeque
1514 2602 1573 2634 fiir
1603 2608 1658 2634 at-

912 2660 990 2692 que.
1025 2650 1128 2681 Statt
1151 2660 1252 2680 nemo
1277 2659 1390 2690 aeque
1415 2648 1523 2679 miser
1549 2646 1655 2679 oder

911 2705 1013 2726 nemo
1030 2694 1195 2726 miserior
1209 2692 1308 2725 stellt
1321 2692 1376 2724 die
1387 2691 1655 2734 Volkssprache

912 2738 950 2770 in
975 2737 1050 2770 dem
1070 2738 1223 2771 Streben
1250 2737 1343 2770 uach
1371 2735 1656 2778 Gewichtigkeit
