1814 3105
155 65 213 107 54
815 66 1050 99 PLAVTI

1430 71 1548 117 [111‚5‚
1558 75 1701 108 13—30.

415 177 510 217 Tuis
531 176 705 216 scelestis
727 175 910 216 falsidicis
932 176 1093 217 fallaciis

414 233 691 272 Delacerauisti
712 231 1046 284 deertuauistique
1066 245 1178 284 opes,

204 291 252 328 15
416 288 627 328 Confecisti
647 288 772 327 omnis
793 288 857 327 res
877 300 922 327 ac
941 287 1113 327 rationes
1134 300 1252 328 meaS.

414 343 471 383 Ita
491 345 545 382 mi
566 343 743 382 exemisti
762 342 1024 382 Philocratem
1046 342 1217 383 fallaciis.
1637 352 1703 384 670

414 398 527 438 Illum
550 398 634 438 esse
653 411 809 438 seruom
832 399 998 445 credidi,
1022 404 1060 438 te
1080 398 1271 438 liberum:

414 455 471 494 Ita
491 456 645 494 uosmet
664 454 824 494 aiebatis
844 456 974 507 itaque
997 455 1152 494 nomina

415 510 520 550 Inter
542 523 611 550 uos
632 511 894 561 permutastis.
937 510 1012 549 TY.
1035 511 1176 549 Fateor
1198 511 1328 550 omnia

200 569 254 606 20
413 567 531 605 Facta
553 566 638 605 esse
659 567 708 605 ita
732 571 774 604 ut
794 571 836 605 tu
857 566 953 605 dicis
975 570 1013 604 et
1034 565 1194 605 fallaciis

413 621 551 660 Abisse
573 634 661 660 eum
683 633 752 673 aps
772 628 810 660 te
831 621 918 660 mea
940 633 1060 672 opera
1080 627 1194 672 atque
1216 621 1375 661 asu'ltia:
1637 629 1700 660 675

414 679 491 721 An,
515 678 679 727 opsecro
700 676 833 715 hercle
853 682 912 722 te,
935 677 973 715 id
996 688 1099 716 nunc
1121 677 1326 716 suscenses
1348 676 1468 716 mihi?

415 732 493 772 HE.
516 734 563 771 At
584 733 673 771 clim
695 734 869 771 cruciatu
890 734 1071 771 maxumo
1091 733 1132 771 id
1155 733 1338 772 sactl'lmst
1356 739 1435 772 tuo.

414 787 489 827 TY.
515 788 612 827 Dum
634 800 684 826 ne
706 788 754 827 ob
778 788 978 826 malefacta
1000 789 1179 839 peream,
1203 790 1315 840 parui
1336 788 1541 829 existumo.

201 846 252 883 25
416 843 457 882 Si
479 856 550 894 ego
574 844 638 883 hie
659 843 815 894 peribo,
839 844 870 882 si
891 843 975 888 ille,
998 850 1040 882 ut
1061 844 1176 889 dixit,
1198 845 1276 883 non
1296 844 1416 883 redit:

413 899 461 937 At
482 902 558 938 erit
580 900 630 938 mi
652 900 724 938 hoe
746 899 890 938 factum
913 900 1066 939 mortuo
1089 899 1362 945 memorabile,
1637 905 1703 939 680

413 955 481 994 Me
501 956 632 994 meum
654 967 766 994 erum
787 961 940 1006 captum
964 968 1011 995 ex
1032 956 1222 995 seruitute
1243 962 1359 1007 atque
1380 954 1555 994 hostibus

415 1010 615 1050 Reducem
638 1011 778 1050 secisse
799 1010 967 1050 liberum
990 1013 1026 1050 in
1049 1013 1214 1062 patriam
1237 1011 1284 1050 ed
1307 1016 1478 1062 patrem,

413 1066 622 1116 Mefimque
644 1068 770 1117 potius
792 1068 854 1106 me
875 1073 991 1118 eaput
1011 1067 1189 1117 periculo

199 1126 251 1164 30
413 1123 708 1174 Praeoptauisse
731 1135 845 1174 quam
869 1124 902 1162 is
924 1123 1070 1173 periret
1091 1125 1250 1174 ponere.

154 1234 212 1267 die
230 1233 389 1276 Biicher,
411 1234 534 1276 quoad
551 1232 607 1265 die
627 1244 782 1266 neueren
799 1232 892 1265 Her-

155 1279 347 1322 ausgeber)
383 1289 445 1318 eye
477 1282 621 1320 potero,
654 1279 750 1321 quod
785 1279 892 1312 voles.

153 1323 262 1368 Epid.
289 1322 321 1355 V
340 1326 379 1365 1,
396 1326 437 1356 32
456 1322 524 1365 Ep.
550 1321 631 1355 Non
656 1334 708 1355 me
730 1322 894 1355 novisti?

153 1368 231 1402 Vir.
267 1369 373 1409 Quod
401 1368 544 1411 quidem
573 1379 671 1400 nunc
699 1367 825 1399 veniat
854 1367 892 1400 in

153 1418 306 1446 mentem
319 1413 418 1445 mihi.
443 1411 538 1444 Men.
553 1410 586 1443 V
599 1414 632 1453 5,
645 1413 687 1444 26
706 1411 774 1445 Dic
792 1412 891 1451 mihi,

154 1470 196 1491 en
227 1469 399 1501 umquam
428 1457 606 1490 intestina
636 1457 700 1489 tibi
729 1461 891 1500 crepant,

154 1504 251 1546 quod
276 1501 443 1535 sentias?
490 1501 601 1534 Mero.
626 1500 658 1531 V
680 1503 719 1542 4,
737 1503 778 1533 62
805 1502 891 1543 quin

155 1552 250 1581 amet
278 1552 311 1580 et
338 1551 498 1579 scortum
522 1547 652 1586 ducat,
682 1547 778 1588 quod
803 1547 894 1578 bono

145 1593 222 1635 fiat
238 1593 355 1632 modo,
374 1590 445 1633 vgl.
466 1590 528 1623 das
547 1589 780 1622 allbekannte
798 1591 894 1632 quod

154 1637 278 1670 sciam.
311 1636 367 1668 An
384 1635 461 1668 vier
478 1634 616 1668 Stellen
633 1635 730 1667 steht
743 1636 839 1677 jetzt
856 1634 894 1666 in

153 1692 308 1714 unseren
320 1680 460 1713 Texten
479 1681 618 1723 quoad:
639 1679 740 1713 Asin.
758 1679 792 1711 [Ι
805 1682 838 1721 2,
854 1682 895 1712 30

152 1727 263 1759 Iubeo
281 1731 314 1759 te
331 1726 471 1758 salvere
488 1736 570 1757 voce
588 1736 745 1764 summa,
773 1725 895 1765 quoad

153 1772 249 1803 vires
267 1771 393 1803 valent
416 1770 491 1812 (wo
509 1769 576 1801 wir
593 1780 662 1801 von
681 1768 748 1801 den
765 1767 893 1801 Hand-

152 1815 326 1849 schriften
343 1825 409 1857 gar
428 1814 545 1847 nichts
563 1812 717 1855 wissen).
748 1813 845 1846 Men.
863 1812 895 1844 V

154 1863 194 1901 2,
213 1863 254 1894 19
280 1865 333 1893 est
355 1860 484 1892 modus
508 1860 629 1901 quoad
647 1859 727 1900 pati
747 1870 894 1891 uxorem

154 1910 297 1948 oportet
320 1904 394 1946 (wo
419 1904 542 1947 quoad
558 1903 595 1935 in
614 1903 662 1943 B,
688 1905 784 1946 quod
809 1902 894 1935 oder

154 1954 242 1993 quot
269 1949 306 1982 in
336 1948 399 1981 CD
427 1948 550 1990 steht).
598 1947 690 1980 Rud.
714 1947 766 1979 IV
788 1951 827 1989 4,
853 1950 893 1980 29

155 1995 287 2035 Quoad
301 1993 570 2037 primariusvir
584 1993 692 2029 dicat,
703 1993 894 2035 comprime

154 2039 252 2071 Ιιιιηο
281 2039 348 2080 sis,
380 2039 412 2070 si
434 2042 534 2070 tuost
563 2037 638 2080 (wo
663 2037 800 2069 Pareus
831 2047 892 2069 aus

155 2083 297 2124 „Mss.“
312 2083 408 2126 quod
424 2082 574 2115 anft'ihrt
589 2081 661 2114 und
675 2093 713 2114 so
729 2081 893 2114 hatauch

155 2128 196 2160 C.
206 2128 250 2161 E.
261 2126 534 2161 Ch.Schneider
547 2126 583 2159 in
599 2126 628 2159 C
639 2127 668 2159 F
681 2126 893 2169 gefunden).

154 2172 285 2206 Pseud.
316 2172 353 2204 II
381 2175 420 2213 2,
444 2174 486 2205 29
520 2176 672 2213 arqento
701 2172 789 2204 haec
819 2172 894 2203 (lies

153 2218 435 2261 praestitutasl,
458 2218 581 2259 quoad
606 2217 757 2257 referret
778 2217 892 2257 nobis,

154 2274 270 2305 ‘neque
294 2263 380 2294 dum
404 2261 564 2298 rettulit,
591 2272 645 2293 wo
671 2260 728 2292 die
753 2260 894 2293 Biicher

154 2305 355 2340 siimmtlich
371 2307 492 2349 quoad
505 2305 629 2347 geben.
655 2304 734 2346 Vgl,
752 2305 816 2338 mit
832 2304 895 2337 der

155 2356 277 2384 zuerst
294 2349 535 2393 angeffihrten
554 2349 665 2383 Stelle
681 2350 765 2383 Ter.
784 2349 894 2382 Haut.

154 2398 220 2429 416
248 2397 363 2440 quod
391 2400 535 2438 potero,
560 2395 737 2427 adiutabo
763 2406 895 2436 senem,

154 2453 211 2474 wo
221 2442 317 2484 quod
332 2438 625 2482 unangefochten
639 2438 823 2482 geblieben
837 2438 894 2472 ist.

201 2489 279 2520 675.
320 2497 397 2518 mea
439 2496 549 2527 opera
591 2489 699 2526 atque
739 2485 895 2526 astutia,

156 2529 446 2572 nachtriigliches
467 2528 632 2561 Attribut
657 2539 702 2561 zu
718 2529 895 2571 fallaciis,

154 2587 194 2608 so
225 2573 293 2608 viel
321 2574 372 2607 als
402 2574 567 2615 fallaciis
588 2585 666 2606 mea
696 2585 806 2617 opera
835 2574 892 2606 in-

156 2620 288 2653 ventis.

201 2666 278 2698 677.
311 2675 391 2696 cum
418 2662 627 2696 bezeichnet
650 2662 706 2695 die
732 2663 799 2695 Art
824 2662 895 2695 und

155 2707 894 2750 WeiseoderdiebegleitendenUmstfinde

156 2753 219 2786 der
232 2753 445 2795 Handlung,
463 2752 508 2785 da
526 2753 609 2785 aber
626 2752 722 2785 diese
738 2752 804 2785 wie
819 2752 894 2785 hier

963 1233 1017 1265 oft
1040 1233 1077 1265 in
1095 1232 1152 1265 die
1170 1232 1339 1266 Zukunft.
1355 1232 1640 1276 hineinreichen,
1664 1245 1702 1266 so

962 1277 1081 1310 streift
1108 1277 1148 1310 in
1177 1276 1341 1310 modalen
1369 1277 1606 1311 Ausdriicken
1637 1277 1705 1312 wie

963 1334 1043 1355 cum
1060 1323 1230 1355 cruciatu
1252 1327 1316 1355 tuo
1343 1321 1493 1366 (Amph.
1511 1322 1550 1354 II
1567 1326 1605 1366 2,
1627 1325 1703 1366 161,

962 1378 1019 1400 wo
1045 1379 1190 1409 veram,
1215 1366 1316 1399 nicht
1339 1378 1418 1400 cum
1443 1378 1488 1400 zu
1505 1366 1618 1410 tilgen
1635 1367 1703 1408 ἱείς

962 1410 1014 1443 IV
1031 1414 1063 1454 2,
1082 1412 1156 1453 13),
1173 1423 1254 1444 cum
1271 1423 1403 1454 mayno
1422 1412 1516 1445 malo
1534 1411 1654 1454 (Asin.
1669 1411 1707 1445 Π

961 1459 995 1496 4,
1010 1458 1041 1489 6.
1068 1455 1100 1486 V
1118 1459 1150 1497 2,
1166 1459 1222 1489 47.
1251 1455 1331 1489 Cas.
1350 1456 1407 1488 III
1424 1459 1457 1498 3,
1477 1458 1532 1497 13)
1554 1455 1610 1489 die
1627 1468 1705 1490 mo-

963 1499 1043 1533 dale
1058 1500 1271 1543 Bedeutung
1286 1500 1376 1533 nahe
1393 1512 1440 1534 an
1457 1500 1513 1533 die
1532 1512 1706 1534 consecu-

964 1545 1051 1583 tive,
1077 1545 1187 1578 daher
1213 1545 1297 1578 wir:
1324 1556 1375 1578 zu
1399 1544 1522 1578 deiner
1542 1546 1705 1588 griissten

964 1589 1114 1623 Marter.
1141 1589 1206 1622 Bei
1219 1591 1310 1622 bono
1326 1589 1400 1622 und
1413 1591 1507 1622 malo
1521 1590 1705 1624 miteinem

966 1634 1132 1667 Attribut
1171 1634 1240 1669 wie
1277 1635 1420 1677 publico
1460 1635 1583 1677 (496),
1641 1640 1706 1669 tuo

965 1679 1115 1723 (Amph.
1141 1678 1157 1711 I
1182 1683 1219 1721 1,
1238 1682 1312 1712 210.
1347 1679 1458 1715 Truc.
1476 1678 1508 1710 V
1529 1680 1591 1721 31)
1615 1679 1707 1713 wird

965 1724 1057 1757 auch
1076 1723 1138 1757 der
1150 1723 1266 1756 blosse
1282 1722 1428 1757 Ablativ
1440 1736 1479 1757 so
1494 1724 1704 1767 gebraucht.

1010 1771 1086 1802 678.
1122 1769 1300 1801 existumo
1328 1772 1420 1802 statt
1449 1774 1612 1802 aestumo
1640 1770 1707 1803 hat

963 1812 1105 1847 Ritschl
1128 1813 1331 1846 verbessert
1355 1813 1420 1846 wie
1443 1812 1551 1847 Most.
1570 1814 1588 1846 I
1607 1817 1623 1847 1
1636 1839 1646 1857 ,
1663 1817 1706 1849 73
1745 1818 1747 1820 ’

956 1859 1065 1901 ,flocci
1089 1859 1287 1891 existumat
1309 1858 1407 1891 steht
1433 1858 1504 1891 und
1528 1858 1566 1891 in
1589 1858 1706 1892 einem

964 1902 1239 1936 Plautinischen
1259 1903 1375 1936 senar
1399 1902 1456 1935 bei
1480 1903 1577 1936 Fest.
1596 1903 1702 1938 Paul.

963 1960 999 1991 p.
1026 1950 1087 1980 143
1116 1952 1208 1980 statt
1229 1948 1338 1989 flocci
1361 1952 1545 1980 aestumat
1571 1947 1707 1992 richtig

962 1991 1159 2025 emendiert
1175 1991 1321 2025 worden
1339 1990 1398 2025 ist.

1009 2040 1084 2070 679.
1105 2038 1136 2069 si
1153 2048 1227 2069 mm
1242 2037 1337 2068 redit
1354 2036 1403 2069 ist
1415 2035 1470 2068 die
1485 2035 1704 2080 Bedingung

964 2093 1009 2114 zu
1041 2082 1072 2114 si
1099 2082 1223 2124 peribo
1255 2080 1344 2123 (vgl.
1372 2080 1475 2123 257),
1507 2081 1703 2124 Tyndarus

963 2131 1057 2159 setzt
1077 2125 1229 2158 niimlich
1246 2136 1391 2167 vorans,
1408 2124 1489 2158 dass
1506 2125 1623 2169 Hegio
1641 2126 1705 2159 ihn

963 2177 1037 2204 erst
1054 2171 1151 2203 dann
1170 2170 1294 2203 to'dten
1314 2169 1429 2203 lassen
1448 2170 1580 2212 werde,
1597 2182 1705 2204 wenn

963 2215 1204 2248 Philocrates'
1250 2214 1589 2248 Nichtwiederkehr
1635 2215 1707 2249 sest

964 2260 1083 2300 stehe3
1116 2265 1158 2293 ut
1181 2260 1276 2292 dizit
1305 2271 1353 2292 sc.
1379 2271 1422 2292 se
1451 2261 1706 2294 rediturum

965 2317 1068 2338 esse.
1102 2306 1203 2337 Statt
1227 2304 1285 2337 des
1305 2304 1458 2337 zweiten
1477 2305 1510 2336 si
1533 2303 1624 2339 wird
1642 2315 1705 2348 ge-

963 2348 1145 2382 wo'hnlich
1162 2350 1253 2382 nach
1267 2349 1335 2381 den
1349 2347 1632 2382 Handschriften
1647 2354 1706 2382 ast

964 2394 1107 2436 gelesen
1119 2419 1127 2435 ,
1147 2405 1220 2426 was
1240 2394 1334 2426 ohne
1351 2393 1500 2426 rechten
1517 2392 1610 2426 Sinn
1630 2393 1705 2427 und

963 2439 1025 2471 der
1038 2438 1200 2482 Sprache
1219 2438 1282 2471 der
1296 2438 1469 2471 Komiker
1481 2448 1575 2480 ganz
1590 2437 1705 2471 fremd

961 2483 1020 2517 ist.

1008 2531 1085 2562 683.
1127 2528 1288 2571 periculo
1328 2538 1461 2571 ponere
1502 2538 1571 2560 nur
1612 2527 1704 2570 hier,

964 2573 1106 2606 scheint
1124 2573 1215 2606 nach
1227 2573 1376 2616 pignori
1387 2583 1521 2616 ponere
1533 2571 1703 2615 gebildet,

964 2630 991 2654 s.
1011 2629 1055 2650 zu
1074 2620 1153 2651 (351.

1010 2660 1704 2705 684.praeoptavisseinseltenerWeise

965 2707 1057 2740 ohne
1067 2707 1255 2750 Synizese,
1265 2705 1330 2739 mit
1344 2705 1526 2739 derselben
1541 2705 1703 2748 dagegen

963 2751 1067 2785 Trin.
1086 2754 1150 2785 648
1176 2751 1247 2784 und
1271 2751 1356 2784 Ter.
1376 2750 1463 2783 Hec.
1486 2753 1569 2793 532,
1593 2750 1705 2784 daher

1810 173 1814 213 ⁴.
