1814 3105
88 87 336 134 IIL2,3—-14J

717 85 994 120 CAPTIVL
1579 88 1635 130 43

355 196 439 235 Emi
460 196 578 236 hosce
598 196 785 235 homines.
827 196 895 235 ubi
916 198 1079 249 quisque
1101 197 1255 244 uident,

464 251 569 291 Et'lnt
590 252 638 291 ob
661 253 765 292 uia'lm
786 252 1108 304 gratulatumque
1130 255 1215 293 enim
1237 267 1336 295 rem.

355 307 412 346 lta
433 320 494 346 me
516 308 703 347 misertim
725 309 960 352 restitando,
984 310 1190 348 retinendo

622 363 783 403 Lasst'lm
805 364 1084 411 reddIderunt:

1568 374 1634 405 500

140 422 164 458 5
466 420 534 458 Vix
556 421 602 459 ex
624 418 853 470 gratulando
875 420 993 460 miser
1013 422 1089 459 iam
1111 421 1343 460 eminebam.

465 475 638 514 Tandem
661 475 738 514 abii
759 475 806 514 ad
827 477 1062 527 praeterem.
1105 476 1160 515 ibi
1183 478 1247 515 uix
1269 478 1468 529 requieui,

620 531 729 580 Rog5
750 531 1037 583 syngrapham:

621 586 742 625 Datin·
766 590 838 627 mi:
861 587 947 626 ilice

620 642 717 681 Dedi
739 643 934 694 Tyndars').

1569 653 1635 685 505

466 698 533 737 Ille
555 698 648 737 abiit
668 699 840 738 domt'lm.
881 705 1088 751 postquam
1109 700 1148 739 id
1170 701 1355 746 actumst,

198 756 253 795 Eo
275 756 452 806 protinus
473 754 520 793 ad
543 754 723 797 fratrem,
746 757 822 794 mei
843 756 910 794 ubi
932 755 998 794 alii
1020 761 1108 794 sunt
1130 757 1293 808 captiui:

133 814 183 850 10
199 812 308 861 Rogc')
330 811 588 850 Philocratem
611 823 657 849 ex
680 799 796 850 Alide
819 813 952 864 ecquis
975 812 1095 851 uerit:
1120 812 1184 850 hic
1206 813 1402 863 extemplo

194 867 415 912 Exclamat,
439 878 523 905 esse
545 878 632 905 eum
655 867 730 905 sibi
751 867 941 906 sodalem:
966 867 1053 907 dico
1076 880 1164 907 eum
1189 881 1272 908 esse
1294 869 1396 920 apild
1418 882 1498 909 me:

195 923 266 962 Hic
287 924 371 962 orat
392 921 666 974 opsecratque,
692 935 779 962 eum
800 923 874 961 sibi
895 924 938 962 [it
957 923 1072 963 liceat
1093 924 1242 963 uidere.

1569 932 1636 965 510

195 980 293 1018 Iussi
315 978 404 1017 ilico
427 979 530 1017 hunc
552 978 739 1018 ex61uie1‘.
781 979 871 1018 inde
892 979 978 1019 abii.
1023 992 1126 1019 nunc
1149 985 1190 1019 tu
1211 982 1397 1033 sequere,

193 1035 240 1073 Vt
260 1034 362 1086 quod
383 1046 445 1073 me
468 1035 628 1073 orauisti
649 1035 854 1086 impetres,
879 1048 968 1074 eum
990 1036 1189 1075 hominem
1212 1039 1268 1076 uti
1289 1039 1513 1078 conuenias.

78 1156 142 1190 das
171 1155 380 1189 &ffentliche
411 1156 516 1189 Beste
544 1156 728 1199 gesiirdert
759 1167 820 1199 ge-

79 1201 190 1235 dacht
214 1200 323 1242 wird,
347 1201 395 1234 ist
418 1200 519 1234 nicht
541 1202 643 1234 recht
666 1201 819 1234 ersicht-

79 1245 352 1287 lich‚vielleicht
364 1246 568 1279 betrachtet
581 1257 619 1279 er
633 1245 688 1278 die
697 1246 819 1279 Riick-

79 1291 167 1324 kehr
186 1290 301 1324 seines
318 1290 457 1324 Sohnes
482 1290 533 1324 als
557 1291 662 1323 einen
686 1291 819 1324 fiffent-

82 1335 201 1369 lichen
220 1335 392 1368 Vortheil.

123 1383 201 1414 497.
227 1381 290 1414 ubi
312 1381 464 1423 quisque
488 1380 631 1422 vident,
656 1380 818 1424 Synesis.

78 1424 188 1470 Epid.
217 1425 255 1458 II
282 1428 321 1466 2,
351 1428 393 1458 28
417 1426 519 1466 filios
548 1436 634 1458 suos
667 1426 820 1468 quisque

78 1472 217 1506 visunt.
256 1469 384 1513 Amph.
404 1469 420 1501 I
440 1473 477 1511 1,
497 1472 560 1503 168
585 1475 737 1513 uterque
754 1472 820 1503 im-

77 1520 228 1558 perator
250 1515 291 1547 in
314 1515 468 1548 medium
500 1520 644 1548 exeunt.
687 1515 819 1548 Bacch.

77 1560 130 1593 IV
157 1563 198 1601 4,
223 1562 286 1593 103
310 1571 390 1592 cum
421 1559 539 1592 amica
568 1571 637 1592 sua
668 1566 820 1603 uterque

78 1605 292 1638 adcubitum
309 1604 413 1637 eatis.
438 1604 568 1638 Pseud.
589 1604 620 1636 V
640 1608 654 1637 1
668 1630 676 1646 ‚
696 1607 735 1637 15
762 1606 817 1637 al-

77 1655 133 1682 ter
150 1650 212 1682 ubi
227 1650 384 1682 alterum
399 1674 406 1682 .
423 1674 430 1682 .
447 1650 692 1692 prehendunt.
721 1649 816 1682 Men.

77 1694 135 1727 III
152 1698 185 1737 2,
203 1696 245 1727 56
263 1694 362 1726 satin
381 1698 422 1727 ut
439 1705 613 1737 quemque
630 1696 820 1737 conspicor

77 1740 133 1773 ita
161 1750 215 1772 me
243 1739 464 1782 ludificant?
505 1739 634 1783 Amph.
659 1739 692 1771 V
715 1743 752 1782 1,
777 1743 819 1773 47

76 1796 194 1827 neque
226 1788 420 1827 qementem
460 1795 575 1827 neque
614 1785 820 1828 plorantem

77 1834 246 1862 nostrum
260 1829 454 1872 quisquam
467 1829 692 1862 audivimus.
720 1829 817 1862 Pers.

77 1873 94 1907 I
117 1877 157 1916 2,
180 1878 200 1908 3
225 1885 425 1917 numquam
449 1874 643 1917 quisquam
660 1886 820 1908 meorum

77 1919 260 1952 maiorum
280 1919 357 1961 fuit
378 1919 467 1961 quin
486 1920 735 1962 parasitando
753 1932 819 1963 pa-

78 1964 199 1997 verint
215 1968 360 1996 ventres
377 1975 474 1998 suos.
513 1963 596 1997 Ter.
620 1963 733 1997 Andr.
754 1967 819 1997 626

77 2013 187 2044 tanta
215 2009 384 2041 vecordia
414 2008 548 2041 innata
577 2010 749 2052 cuiquam
779 2015 820 2042 ut

78 2054 146 2087 siet
162 2057 205 2086 ut
220 2054 328 2086 malis
345 2054 547 2093 qaudeant.
578 2054 721 2086 Andere
737 2054 817 2086 Bei-

77 2097 190 2143 spiele
207 2109 235 2131 s.
254 2109 298 2130 zu
316 2097 409 2130 Men.
424 2101 499 2131 671.
514 2101 578 2132 779
595 2110 626 2132 u.
644 2098 748 2131 Trin.
763 2103 817 2133 35.

123 2145 200 2176 499.
226 2143 280 2175 ita
302 2142 366 2175 hat
389 2155 411 2175 a
437 2143 693 2188 ursprt'inglich
719 2143 817 2187 lang,

78 2199 105 2223 s.
139 2187 292 2220 Corssen
327 2187 475 2232 Ausspr.
509 2188 525 2220 I-
558 2189 594 2222 S.
626 2192 710 2227 331,
744 2189 818 2221 und

77 2233 213 2265 kommt
238 2232 330 2265 noch
353 2232 391 2264 in
415 2232 614 2267 cretischen
642 2233 715 2266 und
733 2234 817 2267 bac-

78 2276 267 2311 cheischen
286 2276 422 2310 Versen
440 2276 491 2310 als
509 2278 657 2312 Jambus
676 2290 751 2312 vor.

122 2325 197 2356 501.
238 2322 300 2359 viae
326 2348 333 2354 .
362 2348 368 2355 .
393 2323 588 2356 eminebam
614 2339 657 2351 =
682 2329 724 2357 ut
756 2325 819 2356 vix

77 2368 284 2409 eminerem,
314 2378 341 2401 s.
374 2378 419 2400 zu
443 2367 539 2401 Men.
565 2371 618 2404 95,
666 2369 714 2402 So
739 2371 816 2403 224.

891 1156 996 1190 Most.
1022 1157 1038 1189 I
1065 1160 1101 1199 2,
1127 1160 1168 1190 66
1199 1158 1252 1190 ita
1276 1159 1381 1201 tiyna
1406 1160 1527 1193 umide
1544 1161 1633 1193 haec

890 1207 1039 1245 putent:
1055 1214 1128 1235 non
1142 1204 1266 1235 videor
1280 1204 1368 1236 mihi
1382 1205 1634 1249 sarcireposse

891 1248 993 1279 aedis
1015 1259 1124 1281 meas.
1166 1248 1277 1281 Poen.
1297 1249 1333 1281 II
1350 1251 1390 1281 51
1418 1250 1472 1282 ita
1497 1262 1554 1283 res
1579 1251 1635 1283 di-

890 1292 978 1324 vina
1002 1292 1091 1324 mihi
1112 1293 1205 1334 fuit:
1231 1305 1287 1325 res
1306 1294 1422 1326 serias
1440 1295 1556 1327 omnis
1574 1307 1634 1328 ex-

890 1338 977 1368 tollo
1001 1348 1044 1369 ex
1060 1338 1125 1369 hoc
1143 1338 1201 1370 die
1218 1338 1257 1370 in
1276 1338 1391 1371 alium
1409 1339 1513 1372 diem.
1549 1339 1631 1373 Mil.

890 1380 941 1413 IV
964 1384 1004 1422 2,
1029 1384 1070 1414 56
1102 1382 1156 1414 ita
1180 1394 1233 1414 me
1257 1389 1453 1416 occursant
1475 1385 1630 1418 multae:

890 1426 1093 1458 meminisse
1106 1427 1208 1459 haud
1222 1438 1380 1469 possum.
1399 1427 1507 1461 Diese
1523 1429 1634 1463 nach-

888 1470 1114 1503 drucksvolle
1128 1471 1320 1505 Parataxis
1337 1474 1382 1515 (s.
1401 1484 1446 1506 zu
1456 1473 1632 1517 Trin.62)

888 1520 979 1548 statt
997 1515 1059 1547 der
1077 1516 1254 1559 Syntaxis
1271 1516 1320 1550 ist
1337 1518 1429 1550 auch
1449 1518 1511 1551 der
1528 1518 1633 1552 deut-

887 1560 994 1593 schen
1014 1561 1176 1604 Sprache
1202 1561 1302 1595 nicht
1325 1562 1456 1604 fremd,
1476 1574 1506 1596 z.
1526 1564 1567 1597 B.
1593 1563 1631 1597 in

888 1605 950 1638 der
975 1605 1257 1639 Schvviibischen
1284 1607 1414 1640 Kunde
1432 1607 1632 1642 Uhland⁷s:

888 1651 941 1683 Er
966 1650 1064 1683 trifft
1086 1650 1146 1683 des
1172 1651 1323 1684 Tiirken
1349 1652 1456 1685 Pferd
1479 1665 1517 1687 so
1547 1658 1630 1697 gut:

890 1706 929 1728 er
944 1695 1034 1728 haut
1046 1695 1118 1728 ihm
1133 1696 1176 1728 ab
1192 1696 1255 1729 mit
1268 1696 1534 1731 einemStreich
1550 1709 1587 1734 u.
1602 1711 1631 1733 s.

891 1753 934 1773 w.
963 1740 1047 1783 (D)

934 1788 1011 1819 506.
1041 1784 1108 1817 Die
1124 1785 1216 1818 nach
1236 1787 1327 1819 abiit
1345 1788 1489 1821 domum
1508 1787 1546 1821 in
1564 1788 1632 1822 den

890 1829 1058 1863 Biichern
1082 1830 1275 1873 folgenden
1293 1832 1420 1865 Worte
1445 1833 1531 1866 inde
1548 1834 1633 1866 ilico

890 1880 1054 1908 revertor
1079 1877 1222 1909 domum
1246 1876 1370 1909 stehen
1399 1877 1537 1911 sowohl
1568 1878 1633 1912 mit

888 1919 986 1962 dem,
1007 1932 1079 1953 was
1096 1931 1134 1953 er
1153 1920 1252 1961 thut,
1274 1921 1325 1955 als
1346 1922 1436 1955 auch
1456 1923 1520 1956 mit
1540 1922 1632 1965 dem,

888 1976 964 1997 was
981 1977 1019 1997 er
1036 1965 1111 1998 sich
1136 1977 1416 2009 vorgenommen
1437 1967 1501 2001 hat
1519 1968 1632 2010 (455),

888 2009 934 2043 im
948 2010 1208 2054 WViderspruch
1226 2011 1298 2044 und
1313 2012 1519 2045 verdanken
1533 2012 1631 2046 dem—

889 2054 1009 2088 selben
1021 2055 1271 2100 Interpolator
1287 2056 1352 2089 wie
1366 2060 1430 2091 487
1444 2057 1630 2091 ihrenUr·

888 2111 903 2132 s
934 2111 1039 2142 rung,

909 2113 1009 2179 p507.
1036 2144 1169 2178 Hiatus
1187 2145 1224 2178 in
1243 2145 1306 2178 der
1322 2146 1570 2191 Hauptciisur.

933 2193 1011 2224 508.
1038 2189 1241 2223 DieLesart
1261 2191 1333 2224 und
1348 2191 1539 2225 metrische
1556 2193 1632 2225 An-

889 2234 1057 2277 ordnung
1085 2235 1131 2268 ist
1156 2235 1231 2268 hier
1257 2235 1358 2269 nicht
1380 2247 1473 2279 ganz
1503 2237 1630 2279 sicher,

887 2278 945 2311 ich
971 2279 1060 2312 habe
1083 2281 1269 2314 hominum
1299 2281 1391 2314 nach
1420 2283 1541 2325 ecquis
1570 2293 1631 2325 ge-

888 2324 1048 2357 strichen
1074 2325 1146 2358 und
1172 2327 1346 2369 extemplo
1371 2337 1435 2361 aus
1459 2330 1524 2361 510
1548 2328 1629 2370 (vor

889 2371 990 2411 orat)
1011 2369 1154 2403 hiether
1172 2375 1340 2405 versetzt.
