1814 3105
152 114 208 153 44
809 115 1042 148 PLAVTI
1390 150 1392 154 ,
1445 119 1703 165 [111‚3‚1-—15.

739 259 1114 292 TYNDARVS.

154 347 220 387 111.
234 348 382 387 3Nunc
404 346 497 387 illud
521 354 597 393 est,
620 360 736 400 quom
757 349 818 387 mc
842 348 959 388 fuisse
980 361 1095 400 quam
1118 349 1202 388 esse
1222 349 1340 388 nimio
1361 350 1561 390 lnz'iuelim:

268 404 381 443 Nunc
402 404 491 455 spes
513 416 608 454 opes
630 403 853 454 auxiliaque
874 417 894 443 a
915 417 978 443 me
999 406 1206 454 segregant
1228 406 1495 458 spernuntque
1517 420 1570 446 se.

272 458 363 512 [Hic
386 458 489 498 illest
509 460 614 505 dies,
638 472 753 511 quom
776 459 880 499 nulla
902 461 1005 499 uitae
1027 461 1137 499 meae
1158 459 1262 499 salus
1282 461 1520 512 sperabilist:
1635 471 1703 502 515

270 516 407 567 Neque
436 515 620 555 auxilium
650 517 740 555 mist
767 517 894 567 neque
923 516 1019 555 adeo
1047 528 1156 567 spes,
1194 517 1294 568 quae
1323 519 1377 555 mi
1406 516 1510 556 hunc
1540 519 1701 571 aspelliit

956 576 1122 610 metum:

228 629 250 664 5
269 626 350 665 Nec
370 626 546 665 subdolis
567 626 780 665 mendaciis
800 627 894 665 mihi
914 627 1076 678 [isquam
1098 626 1363 666 manteih'lmst
1383 627 1514 681 meis]

267 682 347 720 Nec
369 682 635 733 sucophantiis
657 694 730 720 nec
751 682 847 721 fucis
867 682 989 721 ullum
1011 682 1235 722 mantellum
1259 682 1308 722 ob
1330 684 1483 723 uiamst.

267 738 404 787 Neque
426 738 650 787 deprecatio
674 738 845 788 perfidiis
867 740 964 778 meis
985 750 1057 778 nec
1078 737 1292 778 malefactis
1315 738 1452 789 fugast.

266 793 347 832 Nec
363 793 621 832 confidentiae
642 794 806 845 usquam
825 794 1072 844 hospitiumst
1094 795 1166 834 nec
1184 794 1470 834 deuerticulum
1493 795 1603 837 dolis.
1635 805 1703 836 520

271 848 416 906 Qperta
438 860 536 899 quae
560 849 669 888 suere
691 857 822 899 aperta
846 850 953 895 sunt,
977 855 1110 901 patent
1131 851 1376 902 praestigiae.

199 908 250 945 10
268 901 406 943 Omnis
427 917 491 944 res
513 904 677 956 palamst
695 908 904 954 perspicue
924 907 1050 958 neque
1073 906 1119 944 de
1142 906 1213 945 hac
1237 918 1278 944 re
1300 908 1560 956 negotiumst‚

267 960 370 1006 Quin
393 960 492 999 male
515 961 689 999 occidam
716 963 975 1013 oppetamque
999 963 1149 1012 pe'stem
1171 963 1227 1000 eri
1248 963 1376 1001 uicem
1397 962 1550 1003 malam.

265 1016 440 1070 Perdidit
461 1028 521 1054 me
543 1017 843 1067 Aristophontes
865 1017 947 1063 hic,
971 1020 1037 1069 qui
1060 1020 1162 1056 intro
1185 1018 1343 1057 aduenit
1364 1019 1499 1058 modo:

263 1072 301 1110 Is
321 1084 384 1110 me
405 1074 535 1117 nouit,
560 1074 592 1111 is
613 1073 755 1112 sodalis
776 1073 987 1112 Philocrati
1010 1079 1046 1112 et
1068 1075 1254 1124 cognitus
1276 1080 1344 1113 est.
1636 1083 1702 1114 525

268 1128 404 1179 Neque
426 1129 498 1167 iam
523 1129 634 1167 Salus
655 1130 827 1173 servare,
852 1132 884 1168 si
905 1129 1004 1172 uolt,
1028 1130 1089 1168 me
1110 1136 1255 1180 potest:
1279 1142 1351 1169 nec
1372 1132 1540 1182 copiast,

201 1186 250 1223 15
381 1184 462 1223 Nisi
483 1186 513 1223 si
540 1185 706 1235 aliquam
731 1185 848 1224 corde
870 1185 1071 1224 machinor
1093 1186 1287 1224 astutiam.

200 1330 278 1360 513.
299 1326 496 1370 Tyndarus
512 1327 605 1361 sieht
619 1327 686 1361 den
702 1327 816 1371 Hegio
832 1328 897 1361 mit

154 1373 233 1405 dem
260 1371 539 1416 Aristophontes
563 1373 726 1405 kommen
753 1372 825 1405 und
849 1373 895 1406 da

153 1430 191 1451 er
207 1423 389 1450 erwarten
409 1428 516 1459 muss,
534 1429 604 1450 von
624 1418 700 1450 dem
721 1417 894 1450 letzteren

154 1462 206 1496 als
219 1461 418 1504 Tyndarus
440 1462 597 1495 erkannt
616 1463 688 1495 und
703 1462 893 1495 verrathen

154 1519 199 1540 zu
215 1506 380 1548 werden,
406 1506 479 1539 hiilt
504 1518 542 1539 er
559 1507 635 1539 sich
653 1507 712 1540 fiir
730 1507 893 1540 verloren

155 1551 231 1585 und
247 1551 310 1583 der
327 1551 449 1584 Rache
473 1551 532 1585 des
550 1551 665 1594 Hegio
685 1553 743 1584 fiir
760 1552 893 1584 versal-

154 1597 224 1630 len.
238 1615 278 1619 —
297 1608 396 1628 nunc
415 1597 507 1628 illud
526 1602 580 1629 est
597 1609 699 1639 quom
719 1596 896 1639 ..jetztist

152 1641 215 1674 der
238 1640 440 1684 Zeitpunkt
461 1640 527 1683 da,
553 1641 651 1675 wo“.
700 1642 820 1675 Plaut.
839 1641 895 1673 bei

153 1685 246 1719 Gell.
271 1685 325 1718 III
350 1689 389 1727 3,
413 1688 433 1719 8
462 1697 560 1718 nunc
588 1687 682 1719 illud
708 1692 761 1718 est
789 1698 894 1729 quom

151 1731 277 1764 Arreti
302 1731 400 1763 ludis
423 1731 567 1772 magmis
591 1743 803 1774 responsum
830 1733 894 1764 ‹la—

152 1782 226 1809 tur.
276 1774 360 1807 Ter.
396 1774 496 1808 Adel.
526 1778 603 1809 299.
654 1775 801 1808 Einmal
831 1787 893 1808 aus

156 1819 379 1853 metrischem
397 1819 546 1852 Grunde
560 1832 660 1853 nunc
679 1822 714 1853 id
731 1827 781 1853 est
799 1820 891 1853 Rud.

151 1865 207 1898 III
226 1868 259 1906 3,
278 1868 308 1897 1.
325 1884 369 1888 —
384 1866 522 1906 fuisse,
539 1877 565 1898 s.
587 1876 630 1897 zu
649 1868 724 1898 240.

197 1912 273 1942 514.
305 1915 486 1952 spernunt
509 1909 531 1942 i.
552 1921 580 1942 e.
602 1915 813 1946 secernunt,
838 1922 891 1942 se-

154 1956 332 1996 iungunt,
356 1953 474 1988 altlat.
494 1954 568 1987 und
586 1954 711 1987 selten.
746 1954 823 1987 Mil.
843 1954 893 1987 IV

153 2003 185 2041 6,
204 2002 244 2032 17
265 2000 324 2031 ille
342 2000 427 2032 illas
445 2001 586 2043 spernit
604 2006 769 2042 seyre9a1
793 2001 836 2032 ab
857 2012 893 2032 se

154 2044 269 2077 omnis
299 2049 402 2076 extra
432 2049 465 2076 tc
494 2056 618 2077 unam.
666 2044 811 2077 Ennius
835 2044 892 2077 bei

151 2089 250 2122 Non.
282 2100 318 2132 p.
346 2091 411 2121 399
440 2090 499 2121 ius
530 2094 638 2132 atque
663 2101 785 2121 aecum
811 2101 847 2122 se
870 2101 891 2121 a

152 2134 259 2166 malis
284 2134 425 2176 spernit
447 2135 585 2176 procul.
636 2134 739 2166 Auch
769 2146 892 2177 asper-

154 2179 240 2211 ‘nari
258 2176 304 2210 ist
320 2193 363 2204 =
382 2190 418 2210 se
436 2190 616 2222 spernere.

196 2225 372 2256 515—517
391 2222 471 2256 sind
485 2222 740 2267 Dittographie
755 2234 799 2255 zu
816 2227 890 2257 513.

153 2270 229 2301 514.
249 2271 324 2300 518.

198 2315 273 2345 516.
313 2323 429 2355 ‘neque
461 2314 569 2354 adeo,
602 2324 627 2345 s.
664 2323 706 2344 zu
740 2316 815 2345 345.
850 2331 892 2336 —

153 2362 283 2390 metum
303 2357 510 2399 „Gefahr“,
528 2356 590 2389 der
607 2357 804 2400 subjective
824 2357 891 2389 Be-

152 2401 241 2444 griff
263 2401 321 2434 fiir
344 2401 413 2434 den
439 2401 652 2445 objectiven.
682 2402 892 2435 Trin.1008

155 2447 270 2489 recipe
298 2452 330 2478 te
361 2448 407 2479 ad
438 2448 620 2479 dominum
653 2449 812 2488 domum,
847 2458 892 2479 ηε

153 2492 273 2525 subito
288 2496 402 2524 metus
417 2492 607 2524 exoriatur
621 2493 784 2535 scapulis
798 2493 891 2524 stul-

152 2536 237 2568 titia
255 2541 332 2568 tua.
360 2536 442 2578 (D.)

196 2583 272 2614 518.
300 2581 340 2613 ob
358 2581 491 2614 viamst
513 2596 557 2608 =
580 2582 617 2613 in
636 2586 807 2624 promptu
826 2586 888 2622 est,

154 2627 269 2659 adest.

196 2673 272 2704 519.
300 2671 476 2713 perfidiis,
495 2670 583 2703 iiber
600 2670 667 2702 den
686 2669 809 2703 Plural
827 2670 888 2702 ab-

150 2719 304 2748 stracter
321 2715 556 2748 Substantive
578 2727 604 2748 s.
625 2726 669 2747 zu
686 2714 790 2748 Trin.
811 2718 887 2748 490.

198 2763 272 2793 520.
298 2759 406 2793 Most.
425 2759 461 2792 II
481 2763 511 2802 1,
526 2763 545 2794 3
563 2771 746 2803 nusquam
763 2761 890 2793 stabu-

151 2805 262 2838 lumst
278 2805 529 2847 confidentiae.

1011 1331 1087 1361 522.
1106 1328 1157 1361 Es
1170 1327 1310 1361 scheint
1323 1328 1519 1363 riithlicher
1531 1330 1596 1364 mit
1606 1333 1703 1376 Gep-

964 1379 1046 1417 pert
1064 1373 1155 1406 nach
1175 1373 1256 1406 Aul.
1273 1373 1308 1405 ΙΙ
1326 1377 1412 1414 2,11
1431 1377 1621 1419 perspicue
1638 1387 1705 1410 zur

966 1417 1128 1460 Fiillung
1156 1417 1218 1450 der
1245 1417 1442 1451 Versliicke
1471 1419 1703 1455 einzusetzen

965 1463 1016 1496 als
1035 1462 1148 1495 durch
1164 1462 1393 1506 Umstellung
1411 1465 1527 1497 omnis
1543 1467 1704 1508 palamst

964 1520 1021 1540 res
1053 1507 1158 1540 einen
1193 1507 1269 1540 hier
1308 1507 1428 1550 wenig
1458 1509 1703 1544 wahrschein—

964 1552 1081 1585 lichen
1101 1553 1217 1585 Senar
1235 1552 1487 1586 herzustellen.

1009 1600 1084 1630 523.
1110 1598 1244 1629 malam
1266 1603 1397 1640 pestem
1417 1603 1584 1642 oppetere
1608 1600 1699 1643 (vgl.

963 1647 1111 1674 mortem
1136 1641 1319 1684 oppetere)
1345 1642 1438 1674 auch
1463 1642 1562 1677 Asin.
1579 1643 1597 1676 I
1623 1648 1656 1684 1,
1683 1648 1702 1678 7

964 1686 1037 1719 und
1055 1685 1198 1719 Ennius
1218 1685 1274 1718 bei
1293 1686 1368 1720 Cic.
1388 1686 1500 1722 Tusc.
1519 1687 1557 1722 II
1575 1691 1627 1732 16,
1647 1691 1701 1723 38.

1009 1734 1087 1765 525.
1114 1731 1317 1764 Philocrati
1340 1732 1523 1765 entweder
1547 1733 1703 1767 Genetiv

964 1775 1032 1808 wie
1049 1778 1134 1816 972,
1151 1776 1328 1819 Euripidi
1344 1775 1438 1810 Rud.
1461 1777 1478 1809 I
1496 1781 1528 1819 1,
1544 1781 1584 1820 4,
1609 1779 1702 1811 Her—

963 1822 1036 1853 culi
1058 1819 1152 1853 Rud.
1173 1819 1228 1852 III
1248 1823 1286 1862 5,
1304 1823 1357 1853 42.
1391 1820 1498 1855 Most.
1518 1822 1570 1855 IV
1586 1825 1627 1866 2,
1645 1825 1703 1866 68,
1744 1822 1746 1824 ’

966 1866 1097 1897 Achilli
1122 1865 1254 1898 Bacch.
1280 1864 1331 1897 IV
1356 1869 1393 1907 9,
1420 1870 1479 1908 14,
1512 1868 1703 1902 Charmidi

962 1909 1065 1942 Trin.
1081 1913 1146 1943 744
1164 1909 1247 1942 oder
1260 1909 1368 1943 Dativ
1388 1911 1479 1943 nach
1497 1911 1604 1946 Most.
1623 1911 1652 1944 V
1667 1915 1702 1955 2,

962 1958 1004 1987 32
1028 1955 1187 1987 sodalem
1212 1966 1265 1986 me
1289 1966 1364 1987 esse
1392 1956 1462 1988 scis
1489 1963 1603 1998 gnato
1625 1962 1699 1991 tuo.

963 1999 1068 2043 capt.
1091 2002 1166 2032 509.
1202 1999 1332 2032 Bacch.
1354 1999 1370 2031 I
1390 2003 1429 2041 2,
1447 2003 1500 2034 36,
1523 2004 1566 2034 54
1585 2002 1700 2044 (160).

962 2044 1075 2086 1113,
1093 2046 1135 2077 56
1155 2044 1268 2085 (462).
1306 2043 1358 2076 IV
1374 2047 1412 2086 2,
1431 2048 1485 2078 20.
1519 2045 1570 2078 IV
1587 2049 1627 2087 9,
1643 2049 1698 2080 52.

961 2088 1069 2122 Most.
1095 2088 1145 2120 IV
1169 2091 1207 2130 2,
1230 2091 1284 2121 46.
1318 2088 1396 2122 Mil.
1416 2088 1449 2120 V
1472 2093 1510 2132 1,
1527 2093 1581 2124 38.
1612 2090 1698 2124 Ter.

961 2133 1105 2169 Phorm.
1124 2136 1200 2166 872.

1008 2181 1083 2212 526.
1116 2177 1417 2221 Sprichwiirtlich
1442 2178 1508 2211 wie
1531 2179 1639 2214 Most.
1663 2181 1701 2214 II

963 2227 1000 2265 1,
1019 2226 1041 2256 4
1058 2235 1121 2255 nec
1138 2224 1249 2255 Salus
1268 2224 1370 2256 nobis
1388 2224 1504 2256 saluti
1521 2225 1594 2257 iam
1612 2237 1701 2267 esse,

962 2270 993 2301 si
1017 2268 1162 2311 cupiat,
1186 2272 1321 2311 potest:
1347 2279 1393 2300 an
1417 2267 1544 2302 beiden
1562 2269 1699 2303 Stellen

961 2313 1045 2345 tritt
1062 2324 1176 2355 neque
1193 2312 1254 2344 der
1273 2311 1488 2355 Bedeutung
1503 2325 1573 2347 von
1596 2326 1641 2347 ne
1655 2333 1700 2339 —

962 2358 1102 2400 quidem
1122 2356 1203 2389 sehr
1223 2357 1313 2389 nahe
1331 2357 1400 2390 wie
1417 2357 1525 2391 Most.
1545 2358 1597 2390 IV
1609 2362 1642 2401 2,
1656 2362 1700 2393 63

962 2413 1075 2445 neque
1101 2403 1200 2434 istud
1225 2402 1296 2434 aio.
1331 2402 1430 2434 Asin.
1451 2402 1502 2434 IV
1518 2406 1550 2444 1,
1570 2406 1620 2437 17.
1654 2403 1698 2437 In

961 2448 993 2480 si
1010 2448 1083 2479 volt
1100 2446 1147 2479 ist
1171 2448 1202 2479 si
1219 2462 1262 2474 =
1281 2448 1348 2479 etsi
1367 2446 1432 2478 wie
1451 2447 1579 2491 Amph.
1597 2448 1649 2480 IV
1665 2452 1697 2491 3,

963 2495 1015 2525 17.
1047 2490 1139 2524 Rud.
1168 2491 1184 2523 I
1203 2494 1241 2531 2,
1265 2494 1317 2524 70.
1350 2491 1480 2523 Bacch.
1506 2492 1557 2524 IV
1579 2496 1619 2533 9,
1643 2496 1697 2527 80.

962 2537 1197 2579 122.-(·ορὶ(ι
1211 2535 1352 2569 absolut
1364 2536 1423 2568 fiir
1438 2535 1698 2579 ‚‚Hilfe‚Hilfs-

961 2580 1101 2624 quelle⁴⁴
1122 2580 1228 2624 Epid.
1251 2580 1307 2613 III
1328 2584 1356 2621 1,
1374 2584 1394 2613 4
1413 2581 1450 2613 ff.

1003 2628 1079 2658 527.
1106 2626 1307 2664 machinor,
1325 2625 1410 2658 iiber
1427 2625 1483 2658 die
1496 2625 1620 2669 Liinge
1634 2626 1698 2660 der

957 2669 1117 2712 Endung
1131 2682 1156 2704 s.
1173 2669 1271 2704 Einl.
1290 2669 1393 2703 Trin.
1409 2671 1448 2704 S.
1465 2673 1516 2704 18.
1533 2690 1571 2694 —
1592 2674 1697 2704 corde

957 2714 1025 2747 wie
1039 2714 1229 2748 Pseudssl
1247 2719 1277 2757 1,
1290 2718 1309 2748 3
1326 2720 1506 2758 quantum
1520 2727 1582 2758 eqo
1597 2727 1698 2749 nunc

958 2761 1064 2792 corde
1086 2760 1268 2803 conspicio
1292 2771 1377 2792 meo.
1411 2759 1520 2793 Truc.
1541 2760 1559 2793 I
1581 2763 1622 2803 2,
1642 2763 1695 2795 78.

956 2804 1042 2845 111,
1064 2808 1112 2837 15.
1140 2804 1173 2836 ΙΙ
1193 2808 1226 2846 5,
1242 2808 1273 2837 5.

1803 76 1814 117 ἢ

1802 158 1814 207 ’Σ

1804 235 1814 271 ³3
