<?xml version="1.0" encoding="UTF-8"?>
<!DOCTYPE html PUBLIC "-//W3C//DTD XHTML 1.0 Transitional//EN"
    "http://www.w3.org/TR/xhtml1/DTD/xhtml1-transitional.dtd">
<html xmlns="http://www.w3.org/1999/xhtml" xml:lang="en" lang="en">
 <head>
  <title>
</title>
<meta http-equiv="Content-Type" content="text/html;charset=utf-8" />
  <meta name='ocr-system' content='tesseract 3.04.00' />
  <meta name='ocr-capabilities' content='ocr_page ocr_carea ocr_par ocr_line ocrx_word'/>
</head>
<body>
  <div class='ocr_page' id='page_1' title='image "ausgewhltekom00plauuoft_0036.png"; bbox 0 0 1814 3105; ppageno 0'>
   <div class='ocr_carea' id='block_1_1' title="bbox 216 78 1116 120">
    <p class='ocr_par' dir='ltr' id='par_1_1' title="bbox 216 78 1116 120">
     <span class='ocr_line' id='line_1_1' title="bbox 216 78 1116 120; baseline 0 -9"><span class='ocrx_word' id='word_1_1' title='bbox 216 78 271 120; x_wconf 82' lang='lat'>30</span> <span class='ocrx_word' id='word_1_2' title='bbox 863 79 1116 111; x_wconf 86' lang='lat' dir='ltr'><strong>PLAVTI</strong></span> 
     </span>
    </p>
   </div>
   <div class='ocr_carea' id='block_1_2' title="bbox 1474 83 1756 128">
    <p class='ocr_par' dir='ltr' id='par_1_2' title="bbox 1474 83 1756 128">
     <span class='ocr_line' id='line_1_2' title="bbox 1474 83 1756 128; baseline 0.007 -11"><span class='ocrx_word' id='word_1_3' title='bbox 1474 83 1534 128; x_wconf 88' lang='lat'>[11,</span> <span class='ocrx_word' id='word_1_4' title='bbox 1550 87 1581 126; x_wconf 85' lang='lat'>2,</span> <span class='ocrx_word' id='word_1_5' title='bbox 1598 86 1756 120; x_wconf 78' lang='lat'><strong>57-77,</strong></span> 
     </span>
    </p>
   </div>
   <div class='ocr_carea' id='block_1_3' title="bbox 326 180 1754 296">
    <p class='ocr_par' dir='ltr' id='par_1_3' title="bbox 326 180 1754 296">
     <span class='ocr_line' id='line_1_3' title="bbox 326 180 1461 241; baseline 0.001 -13"><span class='ocrx_word' id='word_1_6' title='bbox 326 180 378 228; x_wconf 75' lang='lat' dir='ltr'>Et</span> <span class='ocrx_word' id='word_1_7' title='bbox 398 190 553 241; x_wconf 86' lang='lat' dir='ltr'>quidem</span> <span class='ocrx_word' id='word_1_8' title='bbox 576 191 609 228; x_wconf 87' lang='lat' dir='ltr'>si</span> <span class='ocrx_word' id='word_1_9' title='bbox 629 190 794 240; x_wconf 85' lang='lat' dir='ltr'>proinde</span> <span class='ocrx_word' id='word_1_10' title='bbox 816 195 858 228; x_wconf 88' lang='lat' dir='ltr'>ut</span> <span class='ocrx_word' id='word_1_11' title='bbox 877 191 961 240; x_wconf 89' lang='lat' dir='ltr'>ipse</span> <span class='ocrx_word' id='word_1_12' title='bbox 981 190 1038 228; x_wconf 86' lang='lat' dir='ltr'>fui</span> <span class='ocrx_word' id='word_1_13' title='bbox 1058 191 1272 240; x_wconf 84' lang='lat' dir='ltr'>imperator</span> <span class='ocrx_word' id='word_1_14' title='bbox 1293 189 1461 229; x_wconf 73' lang='lat' dir='ltr'>familiae</span> 
     </span>
     <span class='ocr_line' id='line_1_4' title="bbox 328 245 1754 296; baseline 0.001 -12"><span class='ocrx_word' id='word_1_15' title='bbox 328 245 501 285; x_wconf 78' lang='lat' dir='ltr'>Habeam</span> <span class='ocrx_word' id='word_1_16' title='bbox 530 245 748 291; x_wconf 89' lang='lat' dir='ltr'>dominum,</span> <span class='ocrx_word' id='word_1_17' title='bbox 780 246 859 285; x_wconf 77' lang='lat' dir='ltr'>non</span> <span class='ocrx_word' id='word_1_18' title='bbox 888 257 1027 284; x_wconf 83' lang='lat' dir='ltr'>uerear</span> <span class='ocrx_word' id='word_1_19' title='bbox 1058 257 1107 283; x_wconf 91' lang='lat' dir='ltr'>ne</span> <span class='ocrx_word' id='word_1_20' title='bbox 1133 246 1277 285; x_wconf 81' lang='lat' dir='ltr'>iniuste</span> <span class='ocrx_word' id='word_1_21' title='bbox 1306 252 1372 286; x_wconf 85' lang='lat' dir='ltr'>aut</span> <span class='ocrx_word' id='word_1_22' title='bbox 1400 247 1570 296; x_wconf 80' lang='lat' dir='ltr'>grauiter</span> <span class='ocrx_word' id='word_1_23' title='bbox 1600 248 1653 286; x_wconf 89' lang='lat' dir='ltr'>mi</span> <span class='ocrx_word' id='word_1_24' title='bbox 1681 249 1754 286; x_wconf 88' lang='lat' dir='ltr'>im-</span> 
     </span>
    </p>
   </div>
   <div class='ocr_carea' id='block_1_4' title="bbox 1016 306 1755 352">
    <p class='ocr_par' dir='ltr' id='par_1_4' title="bbox 1016 306 1755 352">
     <span class='ocr_line' id='line_1_5' title="bbox 1016 306 1755 352; baseline 0 -12"><span class='ocrx_word' id='word_1_25' title='bbox 1016 306 1142 352; x_wconf 88' lang='lat' dir='ltr'>peret.</span> <span class='ocrx_word' id='word_1_26' title='bbox 1688 309 1755 341; x_wconf 83' lang='lat'>305</span> 
     </span>
    </p>
   </div>
   <div class='ocr_carea' id='block_1_5' title="bbox 228 356 1757 465">
    <p class='ocr_par' dir='ltr' id='par_1_5' title="bbox 228 356 1757 465">
     <span class='ocr_line' id='line_1_6' title="bbox 322 356 1604 407; baseline 0.001 -11"><span class='ocrx_word' id='word_1_27' title='bbox 322 357 470 407; x_wconf 74' lang='lat' dir='ltr'>Hegio,</span> <span class='ocrx_word' id='word_1_28' title='bbox 494 356 568 394; x_wconf 87' lang='lat' dir='ltr'>hoc</span> <span class='ocrx_word' id='word_1_29' title='bbox 589 362 626 395; x_wconf 87' lang='lat' dir='ltr'>te</span> <span class='ocrx_word' id='word_1_30' title='bbox 647 357 858 402; x_wconf 82' lang='lat' dir='ltr'>monitum,</span> <span class='ocrx_word' id='word_1_31' title='bbox 882 357 953 395; x_wconf 82' lang='lat' dir='ltr'>nisi</span> <span class='ocrx_word' id='word_1_32' title='bbox 974 357 1074 395; x_wconf 87' lang='lat' dir='ltr'>forte</span> <span class='ocrx_word' id='word_1_33' title='bbox 1096 357 1180 406; x_wconf 88' lang='lat' dir='ltr'>ipse</span> <span class='ocrx_word' id='word_1_34' title='bbox 1200 368 1278 394; x_wconf 91' lang='lat' dir='ltr'>non</span> <span class='ocrx_word' id='word_1_35' title='bbox 1300 358 1376 400; x_wconf 88' lang='lat' dir='ltr'>uis,</span> <span class='ocrx_word' id='word_1_36' title='bbox 1400 357 1604 397; x_wconf 82' lang='lat' dir='ltr'>noluerim.</span> 
     </span>
     <span class='ocr_line' id='line_1_7' title="bbox 228 410 1757 465; baseline 0.002 -16"><span class='ocrx_word' id='word_1_37' title='bbox 228 410 313 452; x_wconf 60' lang='lat'>„60”</span> <span class='ocrx_word' id='word_1_38' title='bbox 324 412 403 450; x_wconf 90' lang='grc' dir='ltr'>ΗΕ.</span> <span class='ocrx_word' id='word_1_39' title='bbox 426 413 605 463; x_wconf 80' lang='lat' dir='ltr'>Loquere</span> <span class='ocrx_word' id='word_1_40' title='bbox 626 412 822 451; x_wconf 83' lang='lat' dir='ltr'>audacter.</span> <span class='ocrx_word' id='word_1_41' title='bbox 863 412 940 451; x_wconf 89' lang='lat' dir='ltr'>TY.</span> <span class='ocrx_word' id='word_1_42' title='bbox 963 413 1057 451; x_wconf 89' lang='lat' dir='ltr'>Tam</span> <span class='ocrx_word' id='word_1_43' title='bbox 1079 412 1151 462; x_wconf 79' lang='lat' dir='ltr'>ego</span> <span class='ocrx_word' id='word_1_44' title='bbox 1171 412 1229 451; x_wconf 86' lang='lat' dir='ltr'>fui</span> <span class='ocrx_word' id='word_1_45' title='bbox 1250 418 1338 451; x_wconf 81' lang='lat' dir='ltr'>ante</span> <span class='ocrx_word' id='word_1_46' title='bbox 1358 413 1458 452; x_wconf 86' lang='lat' dir='ltr'>liber</span> <span class='ocrx_word' id='word_1_47' title='bbox 1479 426 1594 465; x_wconf 88' lang='lat' dir='ltr'>quam</span> <span class='ocrx_word' id='word_1_48' title='bbox 1616 413 1757 464; x_wconf 77' lang='lat' dir='ltr'>gnatus</span> 
     </span>
    </p>
   </div>
   <div class='ocr_carea' id='block_1_6' title="bbox 1015 474 1113 507">
    <p class='ocr_par' dir='ltr' id='par_1_6' title="bbox 1015 474 1113 507">
     <span class='ocr_line' id='line_1_8' title="bbox 1015 474 1113 507; baseline 0 -1"><span class='ocrx_word' id='word_1_49' title='bbox 1015 474 1113 507; x_wconf 89' lang='lat' dir='ltr'>tuos.</span> 
     </span>
    </p>
   </div>
   <div class='ocr_carea' id='block_1_7' title="bbox 324 523 1669 634">
    <p class='ocr_par' dir='ltr' id='par_1_7' title="bbox 324 523 1669 634">
     <span class='ocr_line' id='line_1_9' title="bbox 325 523 1498 575; baseline 0.001 -14"><span class='ocrx_word' id='word_1_50' title='bbox 325 523 421 562; x_wconf 76' lang='lat' dir='ltr'>Tam</span> <span class='ocrx_word' id='word_1_51' title='bbox 443 524 536 562; x_wconf 88' lang='lat' dir='ltr'>mihi</span> <span class='ocrx_word' id='word_1_52' title='bbox 558 535 674 575; x_wconf 86' lang='lat' dir='ltr'>quam</span> <span class='ocrx_word' id='word_1_53' title='bbox 696 523 750 561; x_wconf 88' lang='lat' dir='ltr'>illi</span> <span class='ocrx_word' id='word_1_54' title='bbox 770 523 991 563; x_wconf 83' lang='lat' dir='ltr'>libertatem</span> <span class='ocrx_word' id='word_1_55' title='bbox 1013 523 1164 562; x_wconf 81' lang='lat' dir='ltr'>hostilis</span> <span class='ocrx_word' id='word_1_56' title='bbox 1186 523 1330 574; x_wconf 87' lang='lat' dir='ltr'>eripuit</span> <span class='ocrx_word' id='word_1_57' title='bbox 1349 536 1498 563; x_wconf 84' lang='lat' dir='ltr'>manus.</span> 
     </span>
     <span class='ocr_line' id='line_1_10' title="bbox 324 579 1669 634; baseline 0.001 -15"><span class='ocrx_word' id='word_1_58' title='bbox 324 579 418 634; x_wconf 73' lang='lat' dir='ltr'>Tam</span> <span class='ocrx_word' id='word_1_59' title='bbox 440 579 504 617; x_wconf 90' lang='lat' dir='ltr'>ille</span> <span class='ocrx_word' id='word_1_60' title='bbox 527 579 629 629; x_wconf 85' lang='lat' dir='ltr'>apud</span> <span class='ocrx_word' id='word_1_61' title='bbox 652 591 722 618; x_wconf 86' lang='lat' dir='ltr'>nos</span> <span class='ocrx_word' id='word_1_62' title='bbox 742 580 884 624; x_wconf 78' lang='lat' dir='ltr'>seruit,</span> <span class='ocrx_word' id='word_1_63' title='bbox 907 591 1022 630; x_wconf 88' lang='lat' dir='ltr'>quam</span> <span class='ocrx_word' id='word_1_64' title='bbox 1044 591 1116 629; x_wconf 86' lang='lat' dir='ltr'>ego</span> <span class='ocrx_word' id='word_1_65' title='bbox 1138 579 1243 617; x_wconf 82' lang='lat' dir='ltr'>nunc</span> <span class='ocrx_word' id='word_1_66' title='bbox 1263 579 1327 618; x_wconf 86' lang='lat' dir='ltr'>hio</span> <span class='ocrx_word' id='word_1_67' title='bbox 1347 580 1448 630; x_wconf 83' lang='lat' dir='ltr'>apud</span> <span class='ocrx_word' id='word_1_68' title='bbox 1469 585 1508 619; x_wconf 86' lang='lat' dir='ltr'>te</span> <span class='ocrx_word' id='word_1_69' title='bbox 1527 581 1669 620; x_wconf 78' lang='lat' dir='ltr'>Seruio.</span> 
     </span>
    </p>
   </div>
   <div class='ocr_carea' id='block_1_8' title="bbox 324 635 1623 689">
    <p class='ocr_par' dir='ltr' id='par_1_8' title="bbox 324 635 1623 689">
     <span class='ocr_line' id='line_1_11' title="bbox 324 635 1623 689; baseline 0.002 -16"><span class='ocrx_word' id='word_1_70' title='bbox 324 637 394 689; x_wconf 73' lang='lat' dir='ltr'>Est</span> <span class='ocrx_word' id='word_1_71' title='bbox 415 635 591 686; x_wconf 84' lang='lat' dir='ltr'>profecto</span> <span class='ocrx_word' id='word_1_72' title='bbox 613 635 726 682; x_wconf 75' lang='lat' dir='ltr'>deus,</span> <span class='ocrx_word' id='word_1_73' title='bbox 750 636 815 686; x_wconf 90' lang='lat' dir='ltr'>qui</span> <span class='ocrx_word' id='word_1_74' title='bbox 837 647 935 686; x_wconf 82' lang='lat' dir='ltr'>quae</span> <span class='ocrx_word' id='word_1_75' title='bbox 955 647 1026 673; x_wconf 91' lang='lat' dir='ltr'>nos</span> <span class='ocrx_word' id='word_1_76' title='bbox 1047 637 1219 684; x_wconf 78' lang='lat' dir='ltr'>gerimus</span> <span class='ocrx_word' id='word_1_77' title='bbox 1241 635 1425 686; x_wconf 82' lang='lat' dir='ltr'>auditque</span> <span class='ocrx_word' id='word_1_78' title='bbox 1447 637 1485 675; x_wconf 80' lang='lat' dir='ltr'>et</span> <span class='ocrx_word' id='word_1_79' title='bbox 1505 635 1623 676; x_wconf 86' lang='lat' dir='ltr'>uidet.</span> 
     </span>
    </p>
   </div>
   <div class='ocr_carea' id='block_1_9' title="bbox 1690 643 1757 674">
    <p class='ocr_par' dir='ltr' id='par_1_9' title="bbox 1690 643 1757 674">
     <span class='ocr_line' id='line_1_12' title="bbox 1690 643 1757 674; baseline 0.015 -1"><span class='ocrx_word' id='word_1_80' title='bbox 1690 643 1757 674; x_wconf 85' lang='lat'>310</span> 
     </span>
    </p>
   </div>
   <div class='ocr_carea' id='block_1_10' title="bbox 166 689 1757 912">
    <p class='ocr_par' dir='ltr' id='par_1_10' title="bbox 166 689 1757 912">
     <span class='ocr_line' id='line_1_13' title="bbox 321 689 1553 741; baseline 0 -11"><span class='ocrx_word' id='word_1_81' title='bbox 321 693 375 734; x_wconf 88' lang='lat' dir='ltr'>Is,</span> <span class='ocrx_word' id='word_1_82' title='bbox 399 692 454 729; x_wconf 80' lang='lat' dir='ltr'>uti</span> <span class='ocrx_word' id='word_1_83' title='bbox 475 697 515 728; x_wconf 84' lang='lat' dir='ltr'>tu</span> <span class='ocrx_word' id='word_1_84' title='bbox 538 703 598 728; x_wconf 85' lang='lat' dir='ltr'>me</span> <span class='ocrx_word' id='word_1_85' title='bbox 621 691 683 728; x_wconf 85' lang='lat' dir='ltr'>hic</span> <span class='ocrx_word' id='word_1_86' title='bbox 704 690 903 735; x_wconf 68' lang='lat' dir='ltr'>habueris,</span> <span class='ocrx_word' id='word_1_87' title='bbox 927 691 1091 741; x_wconf 84' lang='lat' dir='ltr'>proinde</span> <span class='ocrx_word' id='word_1_88' title='bbox 1114 691 1220 730; x_wconf 81' lang='lat' dir='ltr'>illum</span> <span class='ocrx_word' id='word_1_89' title='bbox 1242 689 1320 730; x_wconf 86' lang='lat' dir='ltr'>illio</span> <span class='ocrx_word' id='word_1_90' title='bbox 1341 692 1553 730; x_wconf 76' lang='lat' dir='ltr'>curauerit.</span> 
     </span>
     <span class='ocr_line' id='line_1_14' title="bbox 166 739 1488 797; baseline -0.001 -11"><span class='ocrx_word' id='word_1_91' title='bbox 166 739 225 763; x_wconf 70' lang='lat'>⁴-</span> <span class='ocrx_word' id='word_1_92' title='bbox 255 749 305 786; x_wconf 83' lang='grc'><strong>65</strong></span> <span class='ocrx_word' id='word_1_93' title='bbox 323 748 431 786; x_wconf 83' lang='lat' dir='ltr'>Bene</span> <span class='ocrx_word' id='word_1_94' title='bbox 453 748 620 784; x_wconf 87' lang='lat' dir='ltr'>merenti</span> <span class='ocrx_word' id='word_1_95' title='bbox 641 746 742 785; x_wconf 76' lang='lat' dir='ltr'>bene</span> <span class='ocrx_word' id='word_1_96' title='bbox 763 747 978 797; x_wconf 81' lang='lat' dir='ltr'>profuerit,</span> <span class='ocrx_word' id='word_1_97' title='bbox 1002 746 1101 786; x_wconf 76' lang='lat' dir='ltr'>male</span> <span class='ocrx_word' id='word_1_98' title='bbox 1122 748 1288 785; x_wconf 82' lang='lat' dir='ltr'>merenti</span> <span class='ocrx_word' id='word_1_99' title='bbox 1309 748 1380 797; x_wconf 75' lang='lat' dir='ltr'>par</span> <span class='ocrx_word' id='word_1_100' title='bbox 1403 748 1488 785; x_wconf 90' lang='lat' dir='ltr'>erit.</span> 
     </span>
     <span class='ocr_line' id='line_1_15' title="bbox 270 801 1480 853; baseline 0.001 -13"><span class='ocrx_word' id='word_1_101' title='bbox 270 802 445 848; x_wconf 56' lang='lat' dir='ltr'>*Quam</span> <span class='ocrx_word' id='word_1_102' title='bbox 466 807 508 840; x_wconf 86' lang='lat' dir='ltr'>tu</span> <span class='ocrx_word' id='word_1_103' title='bbox 530 801 652 840; x_wconf 82' lang='lat' dir='ltr'>filium</span> <span class='ocrx_word' id='word_1_104' title='bbox 672 808 799 846; x_wconf 83' lang='lat' dir='ltr'>tuom,</span> <span class='ocrx_word' id='word_1_105' title='bbox 823 808 900 841; x_wconf 85' lang='lat' dir='ltr'>tam</span> <span class='ocrx_word' id='word_1_106' title='bbox 923 803 1032 853; x_wconf 81' lang='lat' dir='ltr'>pater</span> <span class='ocrx_word' id='word_1_107' title='bbox 1054 815 1115 841; x_wconf 86' lang='lat' dir='ltr'>me</span> <span class='ocrx_word' id='word_1_108' title='bbox 1137 815 1249 842; x_wconf 88' lang='lat' dir='ltr'>meus</span> <span class='ocrx_word' id='word_1_109' title='bbox 1271 802 1480 842; x_wconf 79' lang='lat' dir='ltr'><strong>desiderat.</strong></span> 
     </span>
     <span class='ocr_line' id='line_1_16' title="bbox 321 857 1757 912; baseline 0.002 -17"><span class='ocrx_word' id='word_1_110' title='bbox 321 857 400 896; x_wconf 89' lang='lat' dir='ltr'>HE.</span> <span class='ocrx_word' id='word_1_111' title='bbox 423 858 581 912; x_wconf 76' lang='lat' dir='ltr'>Memini</span> <span class='ocrx_word' id='word_1_112' title='bbox 603 868 675 907; x_wconf 83' lang='lat' dir='ltr'>ego</span> <span class='ocrx_word' id='word_1_113' title='bbox 696 859 806 896; x_wconf 82' lang='lat' dir='ltr'>istoc.</span> <span class='ocrx_word' id='word_1_114' title='bbox 848 858 916 897; x_wconf 80' lang='lat' dir='ltr'>sed</span> <span class='ocrx_word' id='word_1_115' title='bbox 937 858 1077 897; x_wconf 82' lang='lat' dir='ltr'>faterin</span> <span class='ocrx_word' id='word_1_116' title='bbox 1100 859 1235 897; x_wconf 74' lang='lat' dir='ltr'>eadem</span> <span class='ocrx_word' id='word_1_117' title='bbox 1265 871 1364 909; x_wconf 82' lang='lat' dir='ltr'>quae</span> <span class='ocrx_word' id='word_1_118' title='bbox 1386 859 1449 897; x_wconf 84' lang='lat' dir='ltr'>hic</span> <span class='ocrx_word' id='word_1_119' title='bbox 1470 859 1614 898; x_wconf 78' lang='lat' dir='ltr'>fassust</span> <span class='ocrx_word' id='word_1_120' title='bbox 1633 859 1757 898; x_wconf 78' lang='lat' dir='ltr'>mihi?</span> 
     </span>
    </p>
   </div>
   <div class='ocr_carea' id='block_1_11' title="bbox 322 913 1485 964">
    <p class='ocr_par' dir='ltr' id='par_1_11' title="bbox 322 913 1485 964">
     <span class='ocr_line' id='line_1_17' title="bbox 322 913 1485 964; baseline 0.001 -13"><span class='ocrx_word' id='word_1_121' title='bbox 322 913 397 952; x_wconf 92' lang='lat' dir='ltr'>TY.</span> <span class='ocrx_word' id='word_1_122' title='bbox 420 915 506 964; x_wconf 81' lang='lat' dir='ltr'>Ego</span> <span class='ocrx_word' id='word_1_123' title='bbox 528 914 629 964; x_wconf 85' lang='lat' dir='ltr'>patri</span> <span class='ocrx_word' id='word_1_124' title='bbox 651 925 738 953; x_wconf 90' lang='lat' dir='ltr'>meo</span> <span class='ocrx_word' id='word_1_125' title='bbox 761 915 845 953; x_wconf 75' lang='lat' dir='ltr'>esse</span> <span class='ocrx_word' id='word_1_126' title='bbox 869 913 991 953; x_wconf 86' lang='lat' dir='ltr'>fateor</span> <span class='ocrx_word' id='word_1_127' title='bbox 1011 918 1183 953; x_wconf 84' lang='lat' dir='ltr'>summas</span> <span class='ocrx_word' id='word_1_128' title='bbox 1205 915 1359 953; x_wconf 73' lang='lat' dir='ltr'>diuitias</span> <span class='ocrx_word' id='word_1_129' title='bbox 1381 915 1485 953; x_wconf 89' lang='lat' dir='ltr'>domi</span> 
     </span>
    </p>
   </div>
   <div class='ocr_carea' id='block_1_12' title="bbox 1690 921 1755 952">
    <p class='ocr_par' dir='ltr' id='par_1_12' title="bbox 1690 921 1755 952">
     <span class='ocr_line' id='line_1_18' title="bbox 1690 921 1755 952; baseline 0 0"><span class='ocrx_word' id='word_1_130' title='bbox 1690 921 1755 952; x_wconf 85' lang='lat'>315</span> 
     </span>
    </p>
   </div>
   <div class='ocr_carea' id='block_1_13' title="bbox 253 969 1573 1189">
    <p class='ocr_par' dir='ltr' id='par_1_13' title="bbox 253 969 1546 1071">
     <span class='ocr_line' id='line_1_19' title="bbox 320 969 1546 1021; baseline 0.002 -14"><span class='ocrx_word' id='word_1_131' title='bbox 320 969 460 1020; x_wconf 82' lang='lat' dir='ltr'>Meque</span> <span class='ocrx_word' id='word_1_132' title='bbox 482 982 633 1008; x_wconf 87' lang='lat' dir='ltr'>summo</span> <span class='ocrx_word' id='word_1_133' title='bbox 655 970 800 1020; x_wconf 76' lang='lat' dir='ltr'>genere</span> <span class='ocrx_word' id='word_1_134' title='bbox 821 975 993 1020; x_wconf 84' lang='lat' dir='ltr'>gnatum.</span> <span class='ocrx_word' id='word_1_135' title='bbox 1037 970 1103 1009; x_wconf 80' lang='lat' dir='ltr'>sed</span> <span class='ocrx_word' id='word_1_136' title='bbox 1126 976 1164 1009; x_wconf 87' lang='lat' dir='ltr'>te</span> <span class='ocrx_word' id='word_1_137' title='bbox 1187 975 1379 1021; x_wconf 73' lang='lat' dir='ltr'>optestor,</span> <span class='ocrx_word' id='word_1_138' title='bbox 1402 971 1546 1020; x_wconf 79' lang='lat' dir='ltr'>Hegio,</span> 
     </span>
     <span class='ocr_line' id='line_1_20' title="bbox 253 1025 1416 1071; baseline 0.001 -7"><span class='ocrx_word' id='word_1_139' title='bbox 253 1028 305 1064; x_wconf 85' lang='lat'>70</span> <span class='ocrx_word' id='word_1_140' title='bbox 322 1025 378 1064; x_wconf 82' lang='lat' dir='ltr'>Ne</span> <span class='ocrx_word' id='word_1_141' title='bbox 400 1030 507 1063; x_wconf 87' lang='lat' dir='ltr'>tuom</span> <span class='ocrx_word' id='word_1_142' title='bbox 530 1027 701 1064; x_wconf 87' lang='lat' dir='ltr'>animum</span> <span class='ocrx_word' id='word_1_143' title='bbox 724 1026 944 1064; x_wconf 73' lang='lat' dir='ltr'>auariorem</span> <span class='ocrx_word' id='word_1_144' title='bbox 967 1026 1088 1065; x_wconf 78' lang='lat' dir='ltr'>faxint</span> <span class='ocrx_word' id='word_1_145' title='bbox 1109 1026 1266 1065; x_wconf 70' lang='lat' dir='ltr'>diuitiae</span> <span class='ocrx_word' id='word_1_146' title='bbox 1288 1039 1416 1071; x_wconf 81' lang='lat' dir='ltr'>meae,</span> 
     </span>
    </p>

    <p class='ocr_par' dir='ltr' id='par_1_14' title="bbox 321 1081 1573 1131">
     <span class='ocr_line' id='line_1_21' title="bbox 321 1081 1573 1131; baseline -0.001 -11"><span class='ocrx_word' id='word_1_147' title='bbox 321 1081 377 1120; x_wconf 76' lang='lat' dir='ltr'>Ne</span> <span class='ocrx_word' id='word_1_148' title='bbox 398 1083 522 1131; x_wconf 82' lang='lat' dir='ltr'>patri,</span> <span class='ocrx_word' id='word_1_149' title='bbox 545 1087 623 1119; x_wconf 86' lang='lat' dir='ltr'>tam</span> <span class='ocrx_word' id='word_1_150' title='bbox 646 1083 718 1120; x_wconf 81' lang='lat' dir='ltr'>etsi</span> <span class='ocrx_word' id='word_1_151' title='bbox 739 1082 879 1120; x_wconf 82' lang='lat' dir='ltr'>unicus</span> <span class='ocrx_word' id='word_1_152' title='bbox 902 1094 1007 1126; x_wconf 87' lang='lat' dir='ltr'>sum,</span> <span class='ocrx_word' id='word_1_153' title='bbox 1029 1094 1110 1121; x_wconf 80' lang='lat' dir='ltr'>esse</span> <span class='ocrx_word' id='word_1_154' title='bbox 1131 1082 1156 1121; x_wconf 73' lang='grc' dir='ltr'>ε’</span> <span class='ocrx_word' id='word_1_155' title='bbox 1173 1094 1217 1120; x_wconf 82' lang='lat' dir='ltr'>re</span> <span class='ocrx_word' id='word_1_156' title='bbox 1238 1082 1413 1121; x_wconf 80' lang='lat' dir='ltr'>videatur</span> <span class='ocrx_word' id='word_1_157' title='bbox 1433 1082 1573 1131; x_wconf 84' lang='lat' dir='ltr'>magis,</span> 
     </span>
    </p>

    <p class='ocr_par' dir='ltr' id='par_1_15' title="bbox 320 1137 1419 1189">
     <span class='ocr_line' id='line_1_22' title="bbox 320 1137 1419 1189; baseline 0.002 -14"><span class='ocrx_word' id='word_1_158' title='bbox 320 1137 380 1176; x_wconf 83' lang='lat' dir='ltr'>Me</span> <span class='ocrx_word' id='word_1_159' title='bbox 403 1143 578 1176; x_wconf 83' lang='lat' dir='ltr'>saturum</span> <span class='ocrx_word' id='word_1_160' title='bbox 600 1138 751 1176; x_wconf 79' lang='lat' dir='ltr'>seruire</span> <span class='ocrx_word' id='word_1_161' title='bbox 773 1138 873 1189; x_wconf 86' lang='lat' dir='ltr'>apud</span> <span class='ocrx_word' id='word_1_162' title='bbox 896 1144 932 1175; x_wconf 87' lang='lat' dir='ltr'>te</span> <span class='ocrx_word' id='word_1_163' title='bbox 953 1138 1110 1189; x_wconf 81' lang='lat' dir='ltr'>sumptu</span> <span class='ocrx_word' id='word_1_164' title='bbox 1134 1144 1171 1176; x_wconf 89' lang='lat' dir='ltr'>et</span> <span class='ocrx_word' id='word_1_165' title='bbox 1191 1138 1331 1176; x_wconf 75' lang='lat' dir='ltr'>uestitu</span> <span class='ocrx_word' id='word_1_166' title='bbox 1353 1144 1419 1177; x_wconf 86' lang='lat' dir='ltr'>tuo</span> 
     </span>
    </p>
   </div>
   <div class='ocr_carea' id='block_1_14' title="bbox 321 1193 740 1243">
    <p class='ocr_par' dir='ltr' id='par_1_16' title="bbox 321 1193 740 1243">
     <span class='ocr_line' id='line_1_23' title="bbox 321 1193 740 1243; baseline 0 -12"><span class='ocrx_word' id='word_1_167' title='bbox 321 1193 453 1232; x_wconf 82' lang='lat' dir='ltr'>Potius</span> <span class='ocrx_word' id='word_1_168' title='bbox 504 1205 618 1243; x_wconf 85' lang='lat' dir='ltr'>quam</span> <span class='ocrx_word' id='word_1_169' title='bbox 668 1193 740 1238; x_wconf 88' lang='lat' dir='ltr'>illi,</span> 
     </span>
    </p>
   </div>
   <div class='ocr_carea' id='block_1_15' title="bbox 802 1193 1412 1237">
    <p class='ocr_par' dir='ltr' id='par_1_17' title="bbox 802 1193 1412 1237">
     <span class='ocr_line' id='line_1_24' title="bbox 802 1193 1412 1237; baseline -0.002 -5"><span class='ocrx_word' id='word_1_170' title='bbox 802 1193 869 1232; x_wconf 87' lang='lat' dir='ltr'>ubi</span> <span class='ocrx_word' id='word_1_171' title='bbox 918 1195 1091 1232; x_wconf 82' lang='lat' dir='ltr'>minume</span> <span class='ocrx_word' id='word_1_172' title='bbox 1148 1194 1412 1237; x_wconf 82' lang='lat' dir='ltr'>honestumst‚</span> 
     </span>
    </p>
   </div>
   <div class='ocr_carea' id='block_1_16' title="bbox 1467 1193 1756 1233">
    <p class='ocr_par' dir='ltr' id='par_1_18' title="bbox 1467 1193 1756 1233">
     <span class='ocr_line' id='line_1_25' title="bbox 1467 1193 1756 1233; baseline -0.003 -1"><span class='ocrx_word' id='word_1_173' title='bbox 1467 1193 1756 1233; x_wconf 76' lang='lat' dir='ltr'>mendicantem</span> 
     </span>
    </p>
   </div>
   <div class='ocr_carea' id='block_1_17' title="bbox 1014 1251 1759 1288">
    <p class='ocr_par' dir='ltr' id='par_1_19' title="bbox 1014 1251 1759 1288">
     <span class='ocr_line' id='line_1_26' title="bbox 1014 1251 1759 1288; baseline -0.003 0"><span class='ocrx_word' id='word_1_174' title='bbox 1014 1251 1164 1288; x_wconf 82' lang='lat' dir='ltr'>uiuere.</span> <span class='ocrx_word' id='word_1_175' title='bbox 1691 1255 1759 1286; x_wconf 77' lang='lat'>320</span> 
     </span>
    </p>
   </div>
   <div class='ocr_carea' id='block_1_18' title="bbox 252 1304 1692 1524">
    <p class='ocr_par' dir='ltr' id='par_1_20' title="bbox 252 1304 1682 1410">
     <span class='ocr_line' id='line_1_27' title="bbox 320 1304 1682 1356; baseline 0.001 -14"><span class='ocrx_word' id='word_1_176' title='bbox 320 1304 400 1343; x_wconf 91' lang='lat' dir='ltr'>HE.</span> <span class='ocrx_word' id='word_1_177' title='bbox 429 1304 527 1355; x_wconf 85' lang='lat' dir='ltr'>[Ego</span> <span class='ocrx_word' id='word_1_178' title='bbox 548 1306 693 1343; x_wconf 85' lang='lat' dir='ltr'>uirtute</span> <span class='ocrx_word' id='word_1_179' title='bbox 714 1304 830 1343; x_wconf 89' lang='lat' dir='ltr'>deum</span> <span class='ocrx_word' id='word_1_180' title='bbox 853 1310 890 1343; x_wconf 91' lang='lat' dir='ltr'>et</span> <span class='ocrx_word' id='word_1_181' title='bbox 910 1306 1101 1344; x_wconf 84' lang='lat' dir='ltr'>maiorum</span> <span class='ocrx_word' id='word_1_182' title='bbox 1123 1309 1300 1344; x_wconf 84' lang='lat' dir='ltr'>nostrum</span> <span class='ocrx_word' id='word_1_183' title='bbox 1323 1305 1427 1343; x_wconf 87' lang='lat' dir='ltr'>dives</span> <span class='ocrx_word' id='word_1_184' title='bbox 1447 1316 1535 1343; x_wconf 89' lang='lat' dir='ltr'>sum</span> <span class='ocrx_word' id='word_1_185' title='bbox 1556 1304 1682 1356; x_wconf 63' lang='lat' dir='ltr'>satis]</span> 
     </span>
     <span class='ocr_line' id='line_1_28' title="bbox 252 1359 1614 1410; baseline 0.001 -11"><span class='ocrx_word' id='word_1_186' title='bbox 252 1363 302 1399; x_wconf 82' lang='lat'>75</span> <span class='ocrx_word' id='word_1_187' title='bbox 321 1359 404 1399; x_wconf 81' lang='lat' dir='ltr'>Non</span> <span class='ocrx_word' id='word_1_188' title='bbox 430 1372 501 1410; x_wconf 85' lang='lat' dir='ltr'>ego</span> <span class='ocrx_word' id='word_1_189' title='bbox 524 1361 682 1399; x_wconf 82' lang='lat' dir='ltr'>omnino</span> <span class='ocrx_word' id='word_1_190' title='bbox 703 1360 857 1399; x_wconf 82' lang='lat' dir='ltr'>lucrum</span> <span class='ocrx_word' id='word_1_191' title='bbox 879 1373 994 1399; x_wconf 88' lang='lat' dir='ltr'>omne</span> <span class='ocrx_word' id='word_1_192' title='bbox 1018 1372 1101 1400; x_wconf 84' lang='lat' dir='ltr'>esse</span> <span class='ocrx_word' id='word_1_193' title='bbox 1123 1360 1218 1400; x_wconf 78' lang='lat' dir='ltr'>utile</span> <span class='ocrx_word' id='word_1_194' title='bbox 1240 1361 1387 1399; x_wconf 87' lang='lat' dir='ltr'>homini</span> <span class='ocrx_word' id='word_1_195' title='bbox 1410 1361 1614 1400; x_wconf 76' lang='lat' dir='ltr'>existumo,</span> 
     </span>
    </p>

    <p class='ocr_par' dir='ltr' id='par_1_21' title="bbox 320 1415 1648 1468">
     <span class='ocr_line' id='line_1_29' title="bbox 320 1415 1648 1468; baseline -0.001 -13"><span class='ocrx_word' id='word_1_196' title='bbox 320 1415 432 1467; x_wconf 80' lang='lat' dir='ltr'>[Scio</span> <span class='ocrx_word' id='word_1_197' title='bbox 455 1428 548 1466; x_wconf 84' lang='lat' dir='ltr'>ego,</span> <span class='ocrx_word' id='word_1_198' title='bbox 572 1416 716 1454; x_wconf 80' lang='lat' dir='ltr'>multos</span> <span class='ocrx_word' id='word_1_199' title='bbox 736 1417 814 1456; x_wconf 76' lang='lat' dir='ltr'>iam</span> <span class='ocrx_word' id='word_1_200' title='bbox 835 1416 988 1455; x_wconf 81' lang='lat' dir='ltr'>lucrum</span> <span class='ocrx_word' id='word_1_201' title='bbox 1010 1416 1223 1456; x_wconf 78' lang='lat' dir='ltr'>lutulentos</span> <span class='ocrx_word' id='word_1_202' title='bbox 1244 1417 1421 1456; x_wconf 87' lang='lat' dir='ltr'>homines</span> <span class='ocrx_word' id='word_1_203' title='bbox 1442 1416 1648 1468; x_wconf 80' lang='lat' dir='ltr'>reddiditz]</span> 
     </span>
    </p>

    <p class='ocr_par' dir='ltr' id='par_1_22' title="bbox 319 1464 1692 1524">
     <span class='ocr_line' id='line_1_30' title="bbox 319 1464 1692 1524; baseline 0.001 -14"><span class='ocrx_word' id='word_1_204' title='bbox 319 1464 391 1511; x_wconf 76' lang='lat' dir='ltr'>Est</span> <span class='ocrx_word' id='word_1_205' title='bbox 414 1473 527 1511; x_wconf 86' lang='lat' dir='ltr'>etiam</span> <span class='ocrx_word' id='word_1_206' title='bbox 549 1472 616 1511; x_wconf 85' lang='lat' dir='ltr'>ubi</span> <span class='ocrx_word' id='word_1_207' title='bbox 638 1472 813 1523; x_wconf 77' lang='lat' dir='ltr'>profecto</span> <span class='ocrx_word' id='word_1_208' title='bbox 836 1473 1021 1511; x_wconf 83' lang='lat' dir='ltr'>damnum</span> <span class='ocrx_word' id='word_1_209' title='bbox 1044 1474 1215 1523; x_wconf 79' lang='lat' dir='ltr'>praestet</span> <span class='ocrx_word' id='word_1_210' title='bbox 1235 1473 1365 1512; x_wconf 83' lang='lat' dir='ltr'>facere</span> <span class='ocrx_word' id='word_1_211' title='bbox 1387 1473 1502 1524; x_wconf 71' lang='lat' dir='ltr'>quam</span> <span class='ocrx_word' id='word_1_212' title='bbox 1523 1471 1692 1511; x_wconf 84' lang='lat' dir='ltr'>lucrum.</span> 
     </span>
    </p>
   </div>
   <div class='ocr_carea' id='block_1_19' title="bbox 203 1604 947 2811">
    <p class='ocr_par' dir='ltr' id='par_1_23' title="bbox 204 1604 947 2005">
     <span class='ocr_line' id='line_1_31' title="bbox 252 1604 945 1647; baseline 0 -9"><span class='ocrx_word' id='word_1_213' title='bbox 252 1608 328 1638; x_wconf 75' lang='lat'>304.</span> <span class='ocrx_word' id='word_1_214' title='bbox 354 1605 510 1647; x_wconf 83' lang='lat' dir='ltr'>proinde</span> <span class='ocrx_word' id='word_1_215' title='bbox 536 1610 575 1636; x_wconf 81' lang='lat' dir='ltr'>ut</span> <span class='ocrx_word' id='word_1_216' title='bbox 599 1604 661 1637; x_wconf 88' lang='lat' dir='ltr'>hat</span> <span class='ocrx_word' id='word_1_217' title='bbox 685 1604 837 1637; x_wconf 85' lang='lat' dir='ltr'>Plautus</span> <span class='ocrx_word' id='word_1_218' title='bbox 863 1615 945 1638; x_wconf 84' lang='lat' dir='ltr'>aus-</span> 
     </span>
     <span class='ocr_line' id='line_1_32' title="bbox 205 1648 947 1692; baseline 0 -10"><span class='ocrx_word' id='word_1_219' title='bbox 205 1649 438 1691; x_wconf 83' lang='lat' dir='ltr'>schliesslich‚</span> <span class='ocrx_word' id='word_1_220' title='bbox 457 1648 514 1681; x_wconf 90' lang='lat' dir='ltr'>nie</span> <span class='ocrx_word' id='word_1_221' title='bbox 538 1650 693 1692; x_wconf 81' lang='lat' dir='ltr'>proinde</span> <span class='ocrx_word' id='word_1_222' title='bbox 711 1662 762 1687; x_wconf 82' lang='lat' dir='ltr'>ac,</span> <span class='ocrx_word' id='word_1_223' title='bbox 782 1653 843 1682; x_wconf 93' lang='lat'>311</span> <span class='ocrx_word' id='word_1_224' title='bbox 860 1649 947 1691; x_wconf 87' lang='lat' dir='ltr'>geht</span> 
     </span>
     <span class='ocr_line' id='line_1_33' title="bbox 205 1693 946 1737; baseline -0.001 -10"><span class='ocrx_word' id='word_1_225' title='bbox 205 1693 268 1727; x_wconf 92' lang='lat' dir='ltr'>der</span> <span class='ocrx_word' id='word_1_226' title='bbox 278 1695 424 1727; x_wconf 76' lang='lat' dir='ltr'>ut-Satz</span> <span class='ocrx_word' id='word_1_227' title='bbox 438 1693 517 1726; x_wconf 89' lang='lat' dir='ltr'>dem</span> <span class='ocrx_word' id='word_1_228' title='bbox 529 1694 684 1737; x_wconf 78' lang='lat' dir='ltr'>proinde</span> <span class='ocrx_word' id='word_1_229' title='bbox 692 1705 841 1732; x_wconf 78' lang='lat' dir='ltr'>voraus3</span> <span class='ocrx_word' id='word_1_230' title='bbox 860 1694 946 1727; x_wconf 81' lang='lat' dir='ltr'>iiber</span> 
     </span>
     <span class='ocr_line' id='line_1_34' title="bbox 206 1738 945 1779; baseline -0.001 -7"><span class='ocrx_word' id='word_1_231' title='bbox 206 1745 249 1772; x_wconf 85' lang='lat' dir='ltr'>ut</span> <span class='ocrx_word' id='word_1_232' title='bbox 270 1751 297 1772; x_wconf 92' lang='lat' dir='ltr'>s.</span> <span class='ocrx_word' id='word_1_233' title='bbox 323 1750 367 1771; x_wconf 91' lang='lat' dir='ltr'>zu</span> <span class='ocrx_word' id='word_1_234' title='bbox 395 1741 477 1779; x_wconf 87' lang='grc'><strong>116,</strong></span> <span class='ocrx_word' id='word_1_235' title='bbox 508 1738 657 1771; x_wconf 77' lang='lat' dir='ltr'>wonach</span> <span class='ocrx_word' id='word_1_236' title='bbox 687 1738 750 1772; x_wconf 84' lang='lat' dir='ltr'>der</span> <span class='ocrx_word' id='word_1_237' title='bbox 775 1738 885 1772; x_wconf 89' lang='lat' dir='ltr'>Sinn:</span> <span class='ocrx_word' id='word_1_238' title='bbox 915 1739 945 1772; x_wconf 83' lang='lat' dir='ltr'>si</span> 
     </span>
     <span class='ocr_line' id='line_1_35' title="bbox 205 1782 945 1827; baseline -0.001 -10"><span class='ocrx_word' id='word_1_239' title='bbox 205 1785 326 1827; x_wconf 80' lang='lat' dir='ltr'>qualis</span> <span class='ocrx_word' id='word_1_240' title='bbox 344 1783 422 1827; x_wconf 87' lang='lat' dir='ltr'>ipse</span> <span class='ocrx_word' id='word_1_241' title='bbox 439 1782 509 1825; x_wconf 81' lang='lat' dir='ltr'>fui,</span> <span class='ocrx_word' id='word_1_242' title='bbox 535 1784 643 1816; x_wconf 76' lang='lat' dir='ltr'>talem</span> <span class='ocrx_word' id='word_1_243' title='bbox 661 1783 808 1816; x_wconf 84' lang='lat' dir='ltr'>habeam</span> <span class='ocrx_word' id='word_1_244' title='bbox 831 1783 945 1816; x_wconf 87' lang='lat' dir='ltr'>domi-</span> 
     </span>
     <span class='ocr_line' id='line_1_36' title="bbox 206 1828 944 1871; baseline -0.001 -10"><span class='ocrx_word' id='word_1_245' title='bbox 206 1840 301 1862; x_wconf 90' lang='lat' dir='ltr'>num.</span> <span class='ocrx_word' id='word_1_246' title='bbox 319 1847 362 1851; x_wconf 91' lang='lat'><strong>—</strong></span> <span class='ocrx_word' id='word_1_247' title='bbox 389 1829 586 1871; x_wconf 79' lang='lat' dir='ltr'>imperator</span> <span class='ocrx_word' id='word_1_248' title='bbox 602 1829 786 1870; x_wconf 77' lang='lat' dir='ltr'>familiae,</span> <span class='ocrx_word' id='word_1_249' title='bbox 813 1828 944 1861; x_wconf 87' lang='lat' dir='ltr'>Gebie-</span> 
     </span>
     <span class='ocr_line' id='line_1_37' title="bbox 206 1872 945 1916; baseline -0.001 -10"><span class='ocrx_word' id='word_1_250' title='bbox 206 1879 260 1907; x_wconf 87' lang='lat' dir='ltr'>ter</span> <span class='ocrx_word' id='word_1_251' title='bbox 279 1872 356 1915; x_wconf 85' lang='lat' dir='ltr'>(des</span> <span class='ocrx_word' id='word_1_252' title='bbox 372 1872 670 1915; x_wconf 80' lang='lat' dir='ltr'>Hausgesindes).</span> <span class='ocrx_word' id='word_1_253' title='bbox 706 1873 779 1914; x_wconf 78' lang='lat' dir='ltr'>Der</span> <span class='ocrx_word' id='word_1_254' title='bbox 798 1873 945 1916; x_wconf 82' lang='lat' dir='ltr'>Anfang</span> 
     </span>
     <span class='ocr_line' id='line_1_38' title="bbox 205 1917 943 1961; baseline -0.001 -10"><span class='ocrx_word' id='word_1_255' title='bbox 205 1918 265 1951; x_wconf 91' lang='lat' dir='ltr'>des</span> <span class='ocrx_word' id='word_1_256' title='bbox 290 1917 416 1951; x_wconf 85' lang='lat' dir='ltr'>Verses</span> <span class='ocrx_word' id='word_1_257' title='bbox 442 1918 506 1950; x_wconf 83' lang='lat' dir='ltr'>hat</span> <span class='ocrx_word' id='word_1_258' title='bbox 529 1917 710 1950; x_wconf 80' lang='lat' dir='ltr'>vielleicht</span> <span class='ocrx_word' id='word_1_259' title='bbox 734 1919 783 1950; x_wconf 79' lang='lat' dir='ltr'>Ec</span> <span class='ocrx_word' id='word_1_260' title='bbox 801 1919 943 1961; x_wconf 78' lang='lat' dir='ltr'>quidem</span> 
     </span>
     <span class='ocr_line' id='line_1_39' title="bbox 204 1961 540 2005; baseline -0.003 -10"><span class='ocrx_word' id='word_1_261' title='bbox 204 1965 303 1996; x_wconf 79' lang='lat' dir='ltr'>minc</span> <span class='ocrx_word' id='word_1_262' title='bbox 322 1964 353 1995; x_wconf 84' lang='lat' dir='ltr'>si</span> <span class='ocrx_word' id='word_1_263' title='bbox 370 1961 540 2005; x_wconf 79' lang='lat' dir='ltr'>gelantet.</span> 
     </span>
    </p>

    <p class='ocr_par' dir='ltr' id='par_1_24' title="bbox 203 2006 945 2543">
     <span class='ocr_line' id='line_1_40' title="bbox 250 2006 945 2048; baseline -0.003 -7"><span class='ocrx_word' id='word_1_264' title='bbox 250 2010 325 2042; x_wconf 81' lang='lat'>306.</span> <span class='ocrx_word' id='word_1_265' title='bbox 353 2009 418 2039; x_wconf 83' lang='lat' dir='ltr'>hoc</span> <span class='ocrx_word' id='word_1_266' title='bbox 445 2018 542 2048; x_wconf 76' lang='lat' dir='ltr'>„nur</span> <span class='ocrx_word' id='word_1_267' title='bbox 559 2006 679 2039; x_wconf 83' lang='lat' dir='ltr'>diesen</span> <span class='ocrx_word' id='word_1_268' title='bbox 697 2006 800 2039; x_wconf 87' lang='lat' dir='ltr'>einen</span> <span class='ocrx_word' id='word_1_269' title='bbox 820 2007 945 2039; x_wconf 85' lang='lat' dir='ltr'>Punkt</span> 
     </span>
     <span class='ocr_line' id='line_1_41' title="bbox 205 2051 943 2094; baseline -0.001 -9"><span class='ocrx_word' id='word_1_270' title='bbox 205 2052 303 2094; x_wconf 83' lang='lat' dir='ltr'>(dass</span> <span class='ocrx_word' id='word_1_271' title='bbox 334 2051 417 2084; x_wconf 86' lang='lat' dir='ltr'>dein</span> <span class='ocrx_word' id='word_1_272' title='bbox 446 2052 546 2085; x_wconf 91' lang='lat' dir='ltr'>Sohn</span> <span class='ocrx_word' id='word_1_273' title='bbox 580 2052 664 2084; x_wconf 85' lang='lat' dir='ltr'>dort</span> <span class='ocrx_word' id='word_1_274' title='bbox 691 2051 728 2083; x_wconf 89' lang='lat' dir='ltr'>in</span> <span class='ocrx_word' id='word_1_275' title='bbox 758 2051 943 2084; x_wconf 75' lang='lat' dir='ltr'>derselben</span> 
     </span>
     <span class='ocr_line' id='line_1_42' title="bbox 203 2096 944 2140; baseline -0.003 -10"><span class='ocrx_word' id='word_1_276' title='bbox 203 2097 303 2140; x_wconf 86' lang='lat' dir='ltr'>Lage</span> <span class='ocrx_word' id='word_1_277' title='bbox 320 2096 368 2130; x_wconf 81' lang='lat' dir='ltr'>ist</span> <span class='ocrx_word' id='word_1_278' title='bbox 380 2096 448 2129; x_wconf 80' lang='lat' dir='ltr'>wie</span> <span class='ocrx_word' id='word_1_279' title='bbox 465 2096 524 2128; x_wconf 88' lang='lat' dir='ltr'>ich</span> <span class='ocrx_word' id='word_1_280' title='bbox 542 2096 638 2135; x_wconf 82' lang='lat' dir='ltr'>hier)</span> <span class='ocrx_word' id='word_1_281' title='bbox 658 2096 797 2129; x_wconf 71' lang='lat' dir='ltr'>mochte</span> <span class='ocrx_word' id='word_1_282' title='bbox 814 2096 870 2128; x_wconf 85' lang='lat' dir='ltr'>ich</span> <span class='ocrx_word' id='word_1_283' title='bbox 889 2096 944 2129; x_wconf 88' lang='lat' dir='ltr'>dir</span> 
     </span>
     <span class='ocr_line' id='line_1_43' title="bbox 205 2141 944 2183; baseline -0.003 -8"><span class='ocrx_word' id='word_1_284' title='bbox 205 2142 298 2175; x_wconf 86' lang='lat' dir='ltr'>noch</span> <span class='ocrx_word' id='word_1_285' title='bbox 328 2153 392 2174; x_wconf 87' lang='lat' dir='ltr'>ans</span> <span class='ocrx_word' id='word_1_286' title='bbox 416 2141 512 2174; x_wconf 89' lang='lat' dir='ltr'>Herz</span> <span class='ocrx_word' id='word_1_287' title='bbox 536 2141 665 2183; x_wconf 75' lang='lat' dir='ltr'>legen“</span> <span class='ocrx_word' id='word_1_288' title='bbox 692 2142 883 2183; x_wconf 84' lang='lat' dir='ltr'>(monere).</span> <span class='ocrx_word' id='word_1_289' title='bbox 902 2160 944 2164; x_wconf 89' lang='lat'>—</span> 
     </span>
     <span class='ocr_line' id='line_1_44' title="bbox 204 2186 944 2230; baseline -0.003 -10"><span class='ocrx_word' id='word_1_290' title='bbox 204 2188 379 2220; x_wconf 74' lang='lat' dir='ltr'>voluerim</span> <span class='ocrx_word' id='word_1_291' title='bbox 402 2186 581 2230; x_wconf 80' lang='lat' dir='ltr'>potentiai</span> <span class='ocrx_word' id='word_1_292' title='bbox 599 2186 667 2218; x_wconf 87' lang='lat' dir='ltr'>wie</span> <span class='ocrx_word' id='word_1_293' title='bbox 689 2190 750 2226; x_wconf 76' lang='lat'>51,</span> <span class='ocrx_word' id='word_1_294' title='bbox 775 2187 944 2219; x_wconf 77' lang='lat' dir='ltr'>iusserim</span> 
     </span>
     <span class='ocr_line' id='line_1_45' title="bbox 204 2230 945 2274; baseline -0.005 -8"><span class='ocrx_word' id='word_1_295' title='bbox 204 2234 290 2273; x_wconf 78' lang='lat'><strong>596,</strong></span> <span class='ocrx_word' id='word_1_296' title='bbox 326 2232 482 2263; x_wconf 84' lang='lat' dir='ltr'>dederim</span> <span class='ocrx_word' id='word_1_297' title='bbox 513 2230 619 2274; x_wconf 85' lang='lat' dir='ltr'>Epid.</span> <span class='ocrx_word' id='word_1_298' title='bbox 650 2231 685 2263; x_wconf 88' lang='lat' dir='ltr'>II</span> <span class='ocrx_word' id='word_1_299' title='bbox 721 2234 759 2271; x_wconf 86' lang='lat'>2,</span> <span class='ocrx_word' id='word_1_300' title='bbox 790 2234 851 2272; x_wconf 74' lang='lat'>733</span> <span class='ocrx_word' id='word_1_301' title='bbox 889 2230 945 2263; x_wconf 87' lang='lat' dir='ltr'>die</span> 
     </span>
     <span class='ocr_line' id='line_1_46' title="bbox 203 2275 943 2309; baseline -0.003 0"><span class='ocrx_word' id='word_1_302' title='bbox 203 2275 490 2309; x_wconf 86' lang='lat' dir='ltr'>Handschriften</span> <span class='ocrx_word' id='word_1_303' title='bbox 524 2275 639 2308; x_wconf 86' lang='lat' dir='ltr'>haben</span> <span class='ocrx_word' id='word_1_304' title='bbox 672 2277 870 2308; x_wconf 76' lang='lat' dir='ltr'>volueram.</span> <span class='ocrx_word' id='word_1_305' title='bbox 901 2295 943 2299; x_wconf 90' lang='lat'>—-</span> 
     </span>
     <span class='ocr_line' id='line_1_47' title="bbox 204 2320 944 2364; baseline -0.003 -10"><span class='ocrx_word' id='word_1_306' title='bbox 204 2322 279 2354; x_wconf 78' lang='lat' dir='ltr'>nisi</span> <span class='ocrx_word' id='word_1_307' title='bbox 293 2322 389 2362; x_wconf 82' lang='lat' dir='ltr'>forte</span> <span class='ocrx_word' id='word_1_308' title='bbox 407 2322 483 2364; x_wconf 81' lang='lat' dir='ltr'>ipse</span> <span class='ocrx_word' id='word_1_309' title='bbox 499 2332 572 2353; x_wconf 76' lang='lat' dir='ltr'>non</span> <span class='ocrx_word' id='word_1_310' title='bbox 592 2321 665 2361; x_wconf 80' lang='lat' dir='ltr'>vis,</span> <span class='ocrx_word' id='word_1_311' title='bbox 684 2320 763 2352; x_wconf 86' lang='lat' dir='ltr'>eine</span> <span class='ocrx_word' id='word_1_312' title='bbox 780 2320 944 2353; x_wconf 73' lang='lat' dir='ltr'>Ho&#39;flich-</span> 
     </span>
     <span class='ocr_line' id='line_1_48' title="bbox 204 2364 944 2408; baseline -0.003 -9"><span class='ocrx_word' id='word_1_313' title='bbox 204 2365 424 2399; x_wconf 83' lang='lat' dir='ltr'>keitsformel</span> <span class='ocrx_word' id='word_1_314' title='bbox 453 2376 587 2408; x_wconf 77' lang='lat' dir='ltr'>„vvenn</span> <span class='ocrx_word' id='word_1_315' title='bbox 615 2364 702 2398; x_wconf 80' lang='lat' dir='ltr'>dir⁷s</span> <span class='ocrx_word' id='word_1_316' title='bbox 728 2365 828 2398; x_wconf 90' lang='lat' dir='ltr'>nicht</span> <span class='ocrx_word' id='word_1_317' title='bbox 851 2371 944 2398; x_wconf 81' lang='lat' dir='ltr'>etwa</span> 
     </span>
     <span class='ocr_line' id='line_1_49' title="bbox 205 2409 942 2453; baseline -0.004 -9"><span class='ocrx_word' id='word_1_318' title='bbox 205 2410 457 2453; x_wconf 77' lang='lat' dir='ltr'>unangenehm</span> <span class='ocrx_word' id='word_1_319' title='bbox 485 2409 571 2451; x_wconf 44' lang='lat' dir='ltr'>istst.</span> <span class='ocrx_word' id='word_1_320' title='bbox 605 2409 702 2442; x_wconf 72' lang='lat' dir='ltr'>ahnl.</span> <span class='ocrx_word' id='word_1_321' title='bbox 732 2409 836 2444; x_wconf 90' lang='lat' dir='ltr'>Trin.</span> <span class='ocrx_word' id='word_1_322' title='bbox 866 2413 942 2443; x_wconf 76' lang='lat'>328.</span> 
     </span>
     <span class='ocr_line' id='line_1_50' title="bbox 206 2454 944 2489; baseline 0 -1"><span class='ocrx_word' id='word_1_323' title='bbox 206 2458 302 2489; x_wconf 85' lang='lat'>1156.</span> <span class='ocrx_word' id='word_1_324' title='bbox 321 2454 532 2488; x_wconf 86' lang='lat' dir='ltr'>Demselben</span> <span class='ocrx_word' id='word_1_325' title='bbox 547 2455 702 2487; x_wconf 86' lang='lat' dir='ltr'>Zwecke</span> <span class='ocrx_word' id='word_1_326' title='bbox 716 2454 817 2488; x_wconf 85' lang='lat' dir='ltr'>dient</span> <span class='ocrx_word' id='word_1_327' title='bbox 833 2456 864 2487; x_wconf 80' lang='lat' dir='ltr'>si</span> <span class='ocrx_word' id='word_1_328' title='bbox 879 2456 944 2488; x_wconf 72' lang='lat' dir='ltr'>tibi</span> 
     </span>
     <span class='ocr_line' id='line_1_51' title="bbox 204 2499 878 2543; baseline -0.003 -10"><span class='ocrx_word' id='word_1_329' title='bbox 204 2502 394 2533; x_wconf 77' lang='lat' dir='ltr'>molestum</span> <span class='ocrx_word' id='word_1_330' title='bbox 411 2512 482 2533; x_wconf 77' lang='lat' dir='ltr'>non</span> <span class='ocrx_word' id='word_1_331' title='bbox 503 2505 556 2532; x_wconf 83' lang='lat' dir='ltr'>est</span> <span class='ocrx_word' id='word_1_332' title='bbox 571 2499 808 2543; x_wconf 73' lang='lat' dir='ltr'>Epid.1114‚</span> <span class='ocrx_word' id='word_1_333' title='bbox 826 2503 878 2532; x_wconf 82' lang='lat'>25.</span> 
     </span>
    </p>

    <p class='ocr_par' dir='ltr' id='par_1_25' title="bbox 203 2544 945 2811">
     <span class='ocr_line' id='line_1_52' title="bbox 250 2544 945 2586; baseline -0.003 -8"><span class='ocrx_word' id='word_1_334' title='bbox 250 2548 326 2578; x_wconf 84' lang='lat'>311.</span> <span class='ocrx_word' id='word_1_335' title='bbox 354 2545 547 2586; x_wconf 71' lang='lat' dir='ltr'>habueris,</span> <span class='ocrx_word' id='word_1_336' title='bbox 565 2545 751 2577; x_wconf 82' lang='lat' dir='ltr'>curaverit</span> <span class='ocrx_word' id='word_1_337' title='bbox 772 2544 853 2577; x_wconf 85' lang='lat' dir='ltr'>sind</span> <span class='ocrx_word' id='word_1_338' title='bbox 869 2544 945 2577; x_wconf 84' lang='lat' dir='ltr'>bei-</span> 
     </span>
     <span class='ocr_line' id='line_1_53' title="bbox 205 2589 944 2632; baseline 0 -11"><span class='ocrx_word' id='word_1_339' title='bbox 205 2589 263 2623; x_wconf 86' lang='lat' dir='ltr'>des</span> <span class='ocrx_word' id='word_1_340' title='bbox 281 2589 346 2622; x_wconf 85' lang='lat' dir='ltr'>fut.</span> <span class='ocrx_word' id='word_1_341' title='bbox 362 2589 416 2630; x_wconf 74' lang='lat'>113</span> <span class='ocrx_word' id='word_1_342' title='bbox 445 2590 589 2623; x_wconf 79' lang='lat' dir='ltr'>curabit</span> <span class='ocrx_word' id='word_1_343' title='bbox 609 2589 731 2622; x_wconf 83' lang='lat' dir='ltr'>wiirde</span> <span class='ocrx_word' id='word_1_344' title='bbox 749 2589 805 2622; x_wconf 88' lang='lat' dir='ltr'>ein</span> <span class='ocrx_word' id='word_1_345' title='bbox 823 2590 944 2632; x_wconf 77' lang='lat' dir='ltr'>spate-</span> 
     </span>
     <span class='ocr_line' id='line_1_54' title="bbox 205 2634 944 2668; baseline -0.001 -1"><span class='ocrx_word' id='word_1_346' title='bbox 205 2646 261 2668; x_wconf 85' lang='lat' dir='ltr'>res</span> <span class='ocrx_word' id='word_1_347' title='bbox 275 2634 483 2667; x_wconf 83' lang='lat' dir='ltr'>Eintrefl&#39;en</span> <span class='ocrx_word' id='word_1_348' title='bbox 497 2634 533 2667; x_wconf 92' lang='lat' dir='ltr'>in</span> <span class='ocrx_word' id='word_1_349' title='bbox 549 2634 610 2666; x_wconf 87' lang='lat' dir='ltr'>der</span> <span class='ocrx_word' id='word_1_350' title='bbox 624 2634 790 2666; x_wconf 84' lang='lat' dir='ltr'>Zukunft</span> <span class='ocrx_word' id='word_1_351' title='bbox 808 2634 858 2667; x_wconf 82' lang='lat' dir='ltr'>als</span> <span class='ocrx_word' id='word_1_352' title='bbox 876 2636 944 2666; x_wconf 79' lang='lat' dir='ltr'>Iza-</span> 
     </span>
     <span class='ocr_line' id='line_1_55' title="bbox 205 2678 944 2721; baseline -0.001 -9"><span class='ocrx_word' id='word_1_353' title='bbox 205 2680 326 2712; x_wconf 82' lang='lat' dir='ltr'>bueris</span> <span class='ocrx_word' id='word_1_354' title='bbox 351 2679 552 2721; x_wconf 74' lang='lat' dir='ltr'>audentea,</span> <span class='ocrx_word' id='word_1_355' title='bbox 577 2691 612 2712; x_wconf 88' lang='lat' dir='ltr'>es</span> <span class='ocrx_word' id='word_1_356' title='bbox 633 2678 746 2712; x_wconf 85' lang='lat' dir='ltr'>sollen</span> <span class='ocrx_word' id='word_1_357' title='bbox 766 2679 849 2712; x_wconf 85' lang='lat' dir='ltr'>aber</span> <span class='ocrx_word' id='word_1_358' title='bbox 867 2679 944 2711; x_wconf 85' lang='lat' dir='ltr'>hier</span> 
     </span>
     <span class='ocr_line' id='line_1_56' title="bbox 203 2723 945 2767; baseline -0.001 -11"><span class='ocrx_word' id='word_1_359' title='bbox 203 2724 306 2756; x_wconf 85' lang='lat' dir='ltr'>beide</span> <span class='ocrx_word' id='word_1_360' title='bbox 337 2723 584 2767; x_wconf 82' lang='lat' dir='ltr'>Handlungen</span> <span class='ocrx_word' id='word_1_361' title='bbox 625 2723 674 2757; x_wconf 86' lang='lat' dir='ltr'>als</span> <span class='ocrx_word' id='word_1_362' title='bbox 714 2723 945 2766; x_wconf 79' lang='lat' dir='ltr'>gleichzeitig</span> 
     </span>
     <span class='ocr_line' id='line_1_57' title="bbox 205 2768 337 2811; baseline 0.015 -9"><span class='ocrx_word' id='word_1_363' title='bbox 205 2768 337 2811; x_wconf 80' lang='lat' dir='ltr'>gelten.</span> 
     </span>
    </p>
   </div>
   <div class='ocr_carea' id='block_1_20' title="bbox 1016 1604 1757 1691">
    <p class='ocr_par' dir='ltr' id='par_1_26' title="bbox 1016 1604 1757 1691">
     <span class='ocr_line' id='line_1_58' title="bbox 1059 1604 1757 1646; baseline 0 -9"><span class='ocrx_word' id='word_1_364' title='bbox 1059 1608 1134 1638; x_wconf 85' lang='lat'>312.</span> <span class='ocrx_word' id='word_1_365' title='bbox 1166 1605 1266 1639; x_wconf 88' lang='lat' dir='ltr'>Asin.</span> <span class='ocrx_word' id='word_1_366' title='bbox 1301 1605 1318 1638; x_wconf 96' lang='lat' dir='ltr'>I</span> <span class='ocrx_word' id='word_1_367' title='bbox 1353 1608 1392 1646; x_wconf 80' lang='lat'>2,</span> <span class='ocrx_word' id='word_1_368' title='bbox 1425 1609 1444 1638; x_wconf 90' lang='grc'><strong>3</strong></span> <span class='ocrx_word' id='word_1_369' title='bbox 1482 1606 1568 1637; x_wconf 85' lang='lat' dir='ltr'>bene</span> <span class='ocrx_word' id='word_1_370' title='bbox 1604 1604 1757 1637; x_wconf 79' lang='lat' dir='ltr'>merenti</span> 
     </span>
     <span class='ocr_line' id='line_1_59' title="bbox 1016 1650 1643 1691; baseline 0.002 -10"><span class='ocrx_word' id='word_1_371' title='bbox 1016 1651 1112 1682; x_wconf 83' lang='lat' dir='ltr'>mala</span> <span class='ocrx_word' id='word_1_372' title='bbox 1131 1661 1187 1691; x_wconf 82' lang='lat' dir='ltr'>es,</span> <span class='ocrx_word' id='word_1_373' title='bbox 1205 1650 1298 1682; x_wconf 84' lang='lat' dir='ltr'>male</span> <span class='ocrx_word' id='word_1_374' title='bbox 1315 1650 1466 1682; x_wconf 80' lang='lat' dir='ltr'>merenti</span> <span class='ocrx_word' id='word_1_375' title='bbox 1483 1650 1577 1682; x_wconf 78' lang='lat' dir='ltr'>bona</span> <span class='ocrx_word' id='word_1_376' title='bbox 1595 1661 1643 1682; x_wconf 87' lang='lat' dir='ltr'>es.</span> 
     </span>
    </p>
   </div>
   <div class='ocr_carea' id='block_1_21' title="bbox 1015 1704 1759 1828">
    <p class='ocr_par' dir='ltr' id='par_1_27' title="bbox 1015 1704 1759 1828">
     <span class='ocr_line' id='line_1_60' title="bbox 1060 1704 1755 1747; baseline 0.001 -10"><span class='ocrx_word' id='word_1_377' title='bbox 1060 1709 1135 1739; x_wconf 80' lang='lat'>313.</span> <span class='ocrx_word' id='word_1_378' title='bbox 1155 1705 1273 1738; x_wconf 80' lang='lat' dir='ltr'>Ueber</span> <span class='ocrx_word' id='word_1_379' title='bbox 1286 1705 1344 1737; x_wconf 87' lang='lat' dir='ltr'>die</span> <span class='ocrx_word' id='word_1_380' title='bbox 1354 1704 1594 1747; x_wconf 82' lang='lat' dir='ltr'>Verkiirzung</span> <span class='ocrx_word' id='word_1_381' title='bbox 1605 1704 1669 1738; x_wconf 88' lang='lat' dir='ltr'>der</span> <span class='ocrx_word' id='word_1_382' title='bbox 1682 1705 1755 1739; x_wconf 89' lang='lat' dir='ltr'>Po-</span> 
     </span>
     <span class='ocr_line' id='line_1_61' title="bbox 1015 1749 1759 1828; baseline 0.001 -46"><span class='ocrx_word' id='word_1_383' title='bbox 1015 1749 1249 1828; x_wconf 53' lang='lat' dir='ltr'>ssitiffimffinge</span> <span class='ocrx_word' id='word_1_384' title='bbox 1262 1750 1300 1782; x_wconf 91' lang='lat' dir='ltr'>in</span> <span class='ocrx_word' id='word_1_385' title='bbox 1312 1751 1419 1794; x_wconf 73' lang='grc' dir='ltr'>ράεέν</span> <span class='ocrx_word' id='word_1_386' title='bbox 1432 1762 1484 1782; x_wconf 87' lang='lat' dir='ltr'>me</span> <span class='ocrx_word' id='word_1_387' title='bbox 1495 1761 1524 1785; x_wconf 89' lang='lat' dir='ltr'>s.</span> <span class='ocrx_word' id='word_1_388' title='bbox 1534 1749 1631 1785; x_wconf 76' lang='lat' dir='ltr'>EinL</span> <span class='ocrx_word' id='word_1_389' title='bbox 1646 1749 1759 1789; x_wconf 59' lang='lat' dir='ltr'>Trin.,</span> 
     </span>
    </p>
   </div>
   <div class='ocr_carea' id='block_1_22' title="bbox 1060 1850 1754 1893">
    <p class='ocr_par' dir='ltr' id='par_1_28' title="bbox 1060 1850 1754 1893">
     <span class='ocr_line' id='line_1_62' title="bbox 1060 1850 1754 1893; baseline 0.003 -10"><span class='ocrx_word' id='word_1_390' title='bbox 1060 1854 1136 1884; x_wconf 78' lang='lat'>314.</span> <span class='ocrx_word' id='word_1_391' title='bbox 1164 1852 1252 1883; x_wconf 81' lang='lat' dir='ltr'>istoc</span> <span class='ocrx_word' id='word_1_392' title='bbox 1277 1850 1479 1893; x_wconf 81' lang='lat' dir='ltr'>entspricht</span> <span class='ocrx_word' id='word_1_393' title='bbox 1500 1850 1578 1883; x_wconf 87' lang='lat' dir='ltr'>dem</span> <span class='ocrx_word' id='word_1_394' title='bbox 1595 1851 1660 1883; x_wconf 84' lang='lat' dir='ltr'>hoc</span> <span class='ocrx_word' id='word_1_395' title='bbox 1677 1852 1754 1886; x_wconf 85' lang='lat'>306.</span> 
     </span>
    </p>
   </div>
   <div class='ocr_carea' id='block_1_23' title="bbox 1014 1905 1753 2029">
    <p class='ocr_par' dir='ltr' id='par_1_29' title="bbox 1014 1905 1753 2029">
     <span class='ocr_line' id='line_1_63' title="bbox 1059 1905 1752 1947; baseline 0.001 -9"><span class='ocrx_word' id='word_1_396' title='bbox 1059 1909 1134 1942; x_wconf 79' lang='lat'>317,</span> <span class='ocrx_word' id='word_1_397' title='bbox 1162 1907 1366 1938; x_wconf 78' lang='lat' dir='ltr'>avariorem</span> <span class='ocrx_word' id='word_1_398' title='bbox 1378 1932 1386 1947; x_wconf 86' lang='lat'>,</span> <span class='ocrx_word' id='word_1_399' title='bbox 1404 1906 1485 1939; x_wconf 88' lang='lat' dir='ltr'>dass</span> <span class='ocrx_word' id='word_1_400' title='bbox 1503 1906 1551 1939; x_wconf 92' lang='lat' dir='ltr'>du</span> <span class='ocrx_word' id='word_1_401' title='bbox 1571 1905 1671 1939; x_wconf 82' lang='lat' dir='ltr'>nicht</span> <span class='ocrx_word' id='word_1_402' title='bbox 1689 1916 1752 1939; x_wconf 84' lang='lat' dir='ltr'>aus</span> 
     </span>
     <span class='ocr_line' id='line_1_64' title="bbox 1014 1950 1753 1993; baseline 0 -10"><span class='ocrx_word' id='word_1_403' title='bbox 1014 1950 1204 1984; x_wconf 81' lang='lat' dir='ltr'>Habsucht</span> <span class='ocrx_word' id='word_1_404' title='bbox 1235 1950 1293 1983; x_wconf 89' lang='lat' dir='ltr'>ein</span> <span class='ocrx_word' id='word_1_405' title='bbox 1328 1961 1372 1983; x_wconf 92' lang='lat' dir='ltr'>zu</span> <span class='ocrx_word' id='word_1_406' title='bbox 1405 1961 1546 1993; x_wconf 82' lang='lat' dir='ltr'>grosses</span> <span class='ocrx_word' id='word_1_407' title='bbox 1576 1950 1753 1993; x_wconf 69' lang='lat' dir='ltr'>Losegeld</span> 
     </span>
     <span class='ocr_line' id='line_1_65' title="bbox 1014 1996 1182 2029; baseline 0 -1"><span class='ocrx_word' id='word_1_408' title='bbox 1014 1996 1182 2029; x_wconf 87' lang='lat' dir='ltr'>forderst.</span> 
     </span>
    </p>
   </div>
   <div class='ocr_carea' id='block_1_24' title="bbox 1014 2050 1753 2183">
    <p class='ocr_par' dir='ltr' id='par_1_30' title="bbox 1014 2050 1753 2183">
     <span class='ocr_line' id='line_1_66' title="bbox 1058 2050 1752 2086; baseline -0.003 -1"><span class='ocrx_word' id='word_1_409' title='bbox 1058 2055 1132 2086; x_wconf 81' lang='lat'>318.</span> <span class='ocrx_word' id='word_1_410' title='bbox 1167 2063 1242 2084; x_wconf 79' lang='lat' dir='ltr'>esse</span> <span class='ocrx_word' id='word_1_411' title='bbox 1268 2063 1285 2083; x_wconf 85' lang='grc'><strong>6</strong></span> <span class='ocrx_word' id='word_1_412' title='bbox 1306 2063 1344 2084; x_wconf 86' lang='lat' dir='ltr'>re</span> <span class='ocrx_word' id='word_1_413' title='bbox 1368 2051 1430 2084; x_wconf 86' lang='lat' dir='ltr'>hat</span> <span class='ocrx_word' id='word_1_414' title='bbox 1453 2050 1585 2083; x_wconf 78' lang='lat' dir='ltr'>Miiller</span> <span class='ocrx_word' id='word_1_415' title='bbox 1607 2050 1661 2083; x_wconf 92' lang='lat' dir='ltr'>Pl.</span> <span class='ocrx_word' id='word_1_416' title='bbox 1689 2050 1752 2084; x_wconf 87' lang='lat' dir='ltr'>Pr.</span> 
     </span>
     <span class='ocr_line' id='line_1_67' title="bbox 1014 2095 1753 2139; baseline -0.003 -9"><span class='ocrx_word' id='word_1_417' title='bbox 1014 2098 1050 2130; x_wconf 93' lang='lat' dir='ltr'>S.</span> <span class='ocrx_word' id='word_1_418' title='bbox 1076 2100 1140 2130; x_wconf 80' lang='lat'>268</span> <span class='ocrx_word' id='word_1_419' title='bbox 1162 2101 1254 2129; x_wconf 81' lang='lat' dir='ltr'>statt</span> <span class='ocrx_word' id='word_1_420' title='bbox 1276 2095 1334 2128; x_wconf 90' lang='lat' dir='ltr'>des</span> <span class='ocrx_word' id='word_1_421' title='bbox 1364 2095 1575 2139; x_wconf 85' lang='lat' dir='ltr'>prosodisch</span> <span class='ocrx_word' id='word_1_422' title='bbox 1601 2095 1753 2138; x_wconf 70' lang='lat' dir='ltr'>unmog—</span> 
     </span>
     <span class='ocr_line' id='line_1_68' title="bbox 1016 2140 1535 2183; baseline -0.002 -9"><span class='ocrx_word' id='word_1_423' title='bbox 1016 2141 1130 2174; x_wconf 83' lang='lat' dir='ltr'>lichen</span> <span class='ocrx_word' id='word_1_424' title='bbox 1151 2143 1272 2174; x_wconf 80' lang='lat' dir='ltr'>decere</span> <span class='ocrx_word' id='word_1_425' title='bbox 1289 2140 1535 2183; x_wconf 84' lang='lat' dir='ltr'>geschrieben.</span> 
     </span>
    </p>
   </div>
   <div class='ocr_carea' id='block_1_25' title="bbox 1011 2195 1755 2463">
    <p class='ocr_par' dir='ltr' id='par_1_31' title="bbox 1011 2195 1755 2463">
     <span class='ocr_line' id='line_1_69' title="bbox 1059 2195 1754 2239; baseline -0.003 -9"><span class='ocrx_word' id='word_1_426' title='bbox 1059 2200 1134 2230; x_wconf 88' lang='lat'>321.</span> <span class='ocrx_word' id='word_1_427' title='bbox 1162 2196 1442 2239; x_wconf 80' lang='lat' dir='ltr'>Parallelstelle,</span> <span class='ocrx_word' id='word_1_428' title='bbox 1468 2207 1532 2229; x_wconf 91' lang='lat' dir='ltr'>aus</span> <span class='ocrx_word' id='word_1_429' title='bbox 1559 2195 1641 2232; x_wconf 80' lang='lat' dir='ltr'>Aul.</span> <span class='ocrx_word' id='word_1_430' title='bbox 1659 2195 1697 2229; x_wconf 92' lang='lat' dir='ltr'>II</span> <span class='ocrx_word' id='word_1_431' title='bbox 1721 2199 1754 2237; x_wconf 85' lang='lat'>1,</span> 
     </span>
     <span class='ocr_line' id='line_1_70' title="bbox 1012 2240 1755 2283; baseline -0.003 -8"><span class='ocrx_word' id='word_1_432' title='bbox 1012 2246 1056 2275; x_wconf 71' lang='lat'>44</span> <span class='ocrx_word' id='word_1_433' title='bbox 1089 2241 1231 2274; x_wconf 86' lang='lat' dir='ltr'>hierher</span> <span class='ocrx_word' id='word_1_434' title='bbox 1264 2247 1337 2274; x_wconf 83' lang='lat' dir='ltr'>erst</span> <span class='ocrx_word' id='word_1_435' title='bbox 1370 2253 1416 2274; x_wconf 87' lang='lat' dir='ltr'>an</span> <span class='ocrx_word' id='word_1_436' title='bbox 1448 2241 1516 2273; x_wconf 89' lang='lat' dir='ltr'>den</span> <span class='ocrx_word' id='word_1_437' title='bbox 1548 2240 1655 2274; x_wconf 84' lang='lat' dir='ltr'>Rand</span> <span class='ocrx_word' id='word_1_438' title='bbox 1694 2251 1755 2283; x_wconf 83' lang='lat' dir='ltr'>ge-</span> 
     </span>
     <span class='ocr_line' id='line_1_71' title="bbox 1013 2285 1752 2328; baseline -0.001 -9"><span class='ocrx_word' id='word_1_439' title='bbox 1013 2286 1199 2320; x_wconf 87' lang='lat' dir='ltr'>schrieben</span> <span class='ocrx_word' id='word_1_440' title='bbox 1211 2312 1219 2328; x_wconf 83' lang='lat'>,</span> <span class='ocrx_word' id='word_1_441' title='bbox 1239 2285 1335 2318; x_wconf 86' lang='lat' dir='ltr'>dann</span> <span class='ocrx_word' id='word_1_442' title='bbox 1354 2286 1391 2318; x_wconf 89' lang='lat' dir='ltr'>in</span> <span class='ocrx_word' id='word_1_443' title='bbox 1409 2285 1477 2318; x_wconf 87' lang='lat' dir='ltr'>den</span> <span class='ocrx_word' id='word_1_444' title='bbox 1495 2286 1589 2319; x_wconf 79' lang='lat' dir='ltr'>Text</span> <span class='ocrx_word' id='word_1_445' title='bbox 1605 2285 1752 2328; x_wconf 86' lang='lat' dir='ltr'>gekom-</span> 
     </span>
     <span class='ocr_line' id='line_1_72' title="bbox 1015 2330 1750 2374; baseline -0.001 -11"><span class='ocrx_word' id='word_1_446' title='bbox 1015 2343 1111 2370; x_wconf 68' lang='lat' dir='ltr'>mem</span> <span class='ocrx_word' id='word_1_447' title='bbox 1154 2331 1270 2374; x_wconf 77' lang='lat' dir='ltr'>Hegio</span> <span class='ocrx_word' id='word_1_448' title='bbox 1306 2331 1406 2364; x_wconf 65' lang='lat' dir='ltr'>hatte</span> <span class='ocrx_word' id='word_1_449' title='bbox 1439 2330 1540 2363; x_wconf 86' lang='lat' dir='ltr'>nicht</span> <span class='ocrx_word' id='word_1_450' title='bbox 1571 2335 1750 2370; x_wconf 74' lang='lat' dir='ltr'>nostram,</span> 
     </span>
     <span class='ocr_line' id='line_1_73' title="bbox 1014 2374 1752 2418; baseline -0.001 -10"><span class='ocrx_word' id='word_1_451' title='bbox 1014 2388 1086 2409; x_wconf 88' lang='lat' dir='ltr'>was</span> <span class='ocrx_word' id='word_1_452' title='bbox 1104 2376 1141 2408; x_wconf 85' lang='lat' dir='ltr'>in</span> <span class='ocrx_word' id='word_1_453' title='bbox 1160 2376 1222 2408; x_wconf 91' lang='lat' dir='ltr'>der</span> <span class='ocrx_word' id='word_1_454' title='bbox 1237 2375 1427 2408; x_wconf 80' lang='lat' dir='ltr'>Aulularia</span> <span class='ocrx_word' id='word_1_455' title='bbox 1444 2386 1538 2418; x_wconf 85' lang='lat' dir='ltr'>ganz</span> <span class='ocrx_word' id='word_1_456' title='bbox 1553 2385 1610 2408; x_wconf 89' lang='lat' dir='ltr'>am</span> <span class='ocrx_word' id='word_1_457' title='bbox 1621 2374 1752 2408; x_wconf 84' lang='lat' dir='ltr'>Platze</span> 
     </span>
     <span class='ocr_line' id='line_1_74' title="bbox 1011 2418 1751 2463; baseline -0.003 -9"><span class='ocrx_word' id='word_1_458' title='bbox 1011 2421 1078 2463; x_wconf 87' lang='lat' dir='ltr'>ist,</span> <span class='ocrx_word' id='word_1_459' title='bbox 1101 2420 1257 2454; x_wconf 83' lang='lat' dir='ltr'>sondern</span> <span class='ocrx_word' id='word_1_460' title='bbox 1284 2432 1441 2454; x_wconf 80' lang='lat' dir='ltr'>meorum</span> <span class='ocrx_word' id='word_1_461' title='bbox 1464 2430 1575 2462; x_wconf 83' lang='lat' dir='ltr'>sagen</span> <span class='ocrx_word' id='word_1_462' title='bbox 1595 2418 1751 2456; x_wconf 77' lang='lat' dir='ltr'>miissen,</span> 
     </span>
    </p>
   </div>
   <div class='ocr_carea' id='block_1_26' title="bbox 1012 2481 1753 2614">
    <p class='ocr_par' dir='ltr' id='par_1_32' title="bbox 1012 2481 1753 2614">
     <span class='ocr_line' id='line_1_75' title="bbox 1047 2481 1753 2524; baseline -0.004 -8"><span class='ocrx_word' id='word_1_463' title='bbox 1047 2482 1501 2517; x_wconf 82' lang='lat' dir='ltr'>323.VersificierteGlosse</span> <span class='ocrx_word' id='word_1_464' title='bbox 1510 2492 1591 2514; x_wconf 88' lang='lat' dir='ltr'>zum</span> <span class='ocrx_word' id='word_1_465' title='bbox 1600 2481 1753 2524; x_wconf 84' lang='lat' dir='ltr'>vorigen</span> 
     </span>
     <span class='ocr_line' id='line_1_76' title="bbox 1012 2526 1751 2569; baseline 0 -11"><span class='ocrx_word' id='word_1_466' title='bbox 1012 2527 1134 2569; x_wconf 72' lang='lat' dir='ltr'>Verse,</span> <span class='ocrx_word' id='word_1_467' title='bbox 1154 2527 1325 2560; x_wconf 83' lang='lat' dir='ltr'>wodurch</span> <span class='ocrx_word' id='word_1_468' title='bbox 1342 2527 1405 2559; x_wconf 88' lang='lat' dir='ltr'>der</span> <span class='ocrx_word' id='word_1_469' title='bbox 1426 2526 1590 2558; x_wconf 81' lang='lat' dir='ltr'>einfache</span> <span class='ocrx_word' id='word_1_470' title='bbox 1605 2527 1751 2569; x_wconf 84' lang='lat' dir='ltr'>Gegen-</span> 
     </span>
     <span class='ocr_line' id='line_1_77' title="bbox 1013 2570 1711 2614; baseline 0 -9"><span class='ocrx_word' id='word_1_471' title='bbox 1013 2577 1091 2605; x_wconf 82' lang='lat' dir='ltr'>satz</span> <span class='ocrx_word' id='word_1_472' title='bbox 1109 2584 1178 2605; x_wconf 86' lang='lat' dir='ltr'>von</span> <span class='ocrx_word' id='word_1_473' title='bbox 1197 2575 1260 2606; x_wconf 85' lang='lat'>322</span> <span class='ocrx_word' id='word_1_474' title='bbox 1281 2572 1353 2605; x_wconf 91' lang='lat' dir='ltr'>und</span> <span class='ocrx_word' id='word_1_475' title='bbox 1371 2574 1435 2605; x_wconf 75' lang='lat'>324</span> <span class='ocrx_word' id='word_1_476' title='bbox 1453 2571 1592 2614; x_wconf 67' lang='lat' dir='ltr'>gestiirt</span> <span class='ocrx_word' id='word_1_477' title='bbox 1607 2570 1711 2605; x_wconf 83' lang='lat' dir='ltr'>wird.</span> 
     </span>
    </p>
   </div>
   <div class='ocr_carea' id='block_1_27' title="bbox 1013 2632 1752 2804">
    <p class='ocr_par' dir='ltr' id='par_1_33' title="bbox 1013 2632 1752 2804">
     <span class='ocr_line' id='line_1_78' title="bbox 1058 2632 1751 2676; baseline -0.004 -9"><span class='ocrx_word' id='word_1_478' title='bbox 1058 2637 1132 2669; x_wconf 74' lang='lat'>324.</span> <span class='ocrx_word' id='word_1_479' title='bbox 1160 2634 1244 2666; x_wconf 87' lang='lat' dir='ltr'>Ter.</span> <span class='ocrx_word' id='word_1_480' title='bbox 1272 2633 1371 2666; x_wconf 85' lang='lat' dir='ltr'>Adel.</span> <span class='ocrx_word' id='word_1_481' title='bbox 1398 2635 1461 2665; x_wconf 84' lang='lat'>216</span> <span class='ocrx_word' id='word_1_482' title='bbox 1490 2632 1683 2676; x_wconf 78' lang='lat' dir='ltr'>pecuniam</span> <span class='ocrx_word' id='word_1_483' title='bbox 1712 2632 1751 2665; x_wconf 82' lang='lat' dir='ltr'>in</span> 
     </span>
     <span class='ocr_line' id='line_1_79' title="bbox 1014 2677 1752 2727; baseline -0.003 -16"><span class='ocrx_word' id='word_1_484' title='bbox 1014 2680 1088 2711; x_wconf 90' lang='lat' dir='ltr'>loco</span> <span class='ocrx_word' id='word_1_485' title='bbox 1106 2680 1291 2721; x_wconf 58' lang='lat' dir='ltr'>neglegere</span> <span class='ocrx_word' id='word_1_486' title='bbox 1306 2677 1752 2727; x_wconf 44' lang='lat' dir='ltr'>maxumumpinterdumst</span> 
     </span>
     <span class='ocr_line' id='line_1_80' title="bbox 1013 2717 1751 2765; baseline -0.003 -9"><span class='ocrx_word' id='word_1_487' title='bbox 1013 2725 1165 2757; x_wconf 78' lang='lat' dir='ltr'>lucrum.</span> <span class='ocrx_word' id='word_1_488' title='bbox 1182 2742 1224 2747; x_wconf 90' lang='lat'>—-</span> <span class='ocrx_word' id='word_1_489' title='bbox 1238 2729 1290 2756; x_wconf 83' lang='lat' dir='ltr'>est</span> <span class='ocrx_word' id='word_1_490' title='bbox 1309 2724 1382 2765; x_wconf 78' lang='lat' dir='ltr'>ubi,</span> <span class='ocrx_word' id='word_1_491' title='bbox 1401 2721 1502 2756; x_wconf 76' lang='grc' dir='ltr'><em>ἔστιν</em></span> <span class='ocrx_word' id='word_1_492' title='bbox 1517 2717 1614 2755; x_wconf 74' lang='grc' dir='ltr'>ὅπου</span> <span class='ocrx_word' id='word_1_493' title='bbox 1631 2737 1674 2749; x_wconf 95' lang='lat'><strong><em>=</em></strong></span> <span class='ocrx_word' id='word_1_494' title='bbox 1691 2722 1751 2755; x_wconf 83' lang='lat' dir='ltr'>in-</span> 
     </span>
     <span class='ocr_line' id='line_1_81' title="bbox 1014 2770 1164 2804; baseline -0.007 -3"><span class='ocrx_word' id='word_1_495' title='bbox 1014 2770 1164 2804; x_wconf 77' lang='lat' dir='ltr'>terclum.</span> 
     </span>
    </p>
   </div>
  </div>
 </body>
</html>
