1814 3105
92 89 155 130 111,
165 93 195 130 4
205 92 349 122 30—41
354 88 367 133 ᾗς

735 82 1006 119 CAPTIVI.
1584 83 1640 125 47

137 200 190 237 ‚O
205 188 258 235 Ει
277 198 434 248 quidem
454 195 661 235 Alcumeus
683 195 797 246 atque
819 193 976 233 Orestes
998 195 1037 234 et
1058 194 1256 246 Lycurgus
1278 196 1413 245 p6stea

205 255 294 292 Vna
315 263 434 302 opera
454 251 548 290 mihi
569 250 660 290 sunt
680 250 831 289 sodales
853 263 928 302 qua
949 250 1034 289 iste.
1067 251 1145 289 AR.
1168 254 1215 289 At
1231 252 1360 295 ctiam,
1378 250 1553 296 furcifer,
1575 259 1642 289 560

203 307 303 348 Male
323 307 430 359 loqui
450 307 504 346 mi
525 307 667 346 aude's‘?
698 318 777 345 non
807 318 879 356 ego
906 311 944 344 te
965 306 1080 345 n6ui?
1119 306 1198 345 HE.
1221 307 1291 345 Pol
1312 305 1471 356 planum
1492 307 1533 345 id
1554 309 1638 356 qui-

897 362 1041 401 demst:

207 420 314 472 [Non
335 420 511 464 nouisse,
534 419 600 470 qui
620 419 737 456 istum
757 417 930 469 appelles
950 418 1173 468 Tyndarum
1194 429 1266 468 pro
1288 417 1523 456 Philocrate
1527 417 1544 469 ]

203 476 328 531 Quem
351 475 478 520 uides,
503 486 591 513 eum
612 475 790 522 ignoras:
813 472 920 512 illum
943 474 1139 518 nominas,
1163 485 1278 523 quem
1301 475 1380 513 non
1401 474 1524 513 uides.

133 534 184 571 35
204 521 426 571 AR.1'mm0
447 532 520 569 iste
542 542 629 568 eum
651 541 736 568 sese
758 529 811 567 ait
832 529 897 579 qui
917 541 997 568 non
1020 534 1076 568 est
1098 530 1182 568 esse
1211 535 1249 568 et
1269 530 1334 581 qui
1354 531 1489 569 uerost
1509 535 1638 580 negat

205 588 281 626 TY.
306 587 364 626 Tu
386 588 489 626 enim
510 585 681 636 leperlu’
684 598 714 630 5,
737 585 996 624 Philocratem
1020 586 1084 637 qui
1106 597 1270 636 superes
1292 585 1528 624 ueriuerhio.
1573 592 1639 623 565

205 644 281 683 AR.
304 643 394 688 Pol,
417 654 488 693 ego
510 646 552 680 ut
571 653 654 679 rem
677 641 811 686 uideo,
836 647 877 680 tu
898 640 1069 680 inuentu'
1074 654 1112 687 5,
1135 642 1230 680 uera
1251 641 1478 680 uanitudine

203 700 276 745 Qui
299 700 523 738 conuincas.
551 697 618 736 sed
637 708 780 747 quaeso
798 697 931 737 hercle
948 697 1113 748 agedum
1137 698 1264 748 aspice
1281 697 1328 737 ad
1347 710 1419 737 me.
1454 697 1530 736 TY.
1554 697 1641 736 Em.

896 753 971 792 AR.
997 753 1066 792 Dic
1087 754 1222 798 modo,

203 811 290 850 Tun
320 822 439 861 negas
465 817 503 850 te
525 808 751 860 Tyndarum
781 810 889 848 esse?
930 809 1005 851 TY.
1028 810 1136 860 Nego
1165 811 1336 861 inquam.
1385 810 1464 851 AR.
1493 810 1579 848 Tun
1601 814 1638 848 te

132 926 187 963 40
202 913 299 962 Esse
329 924 397 961 ais.

896 865 1156 904 Philocratem

445 922 520 960 TY.
549 921 650 971 Ego,
681 921 851 972 inquam.
900 922 977 960 AR.
1001 921 1111 961 Tune
1134 922 1223 960 huic
1246 922 1395 960 credis?
1445 921 1524 960 HE.
1546 920 1643 960 P11'1s

897 977 1054 1029 quidem
1079 990 1191 1028 qnam
1214 977 1284 1016 tibi
1306 978 1372 1016 aut
1392 978 1508 1016 mihi:

207 1035 303 1074 Nam
328 1033 391 1073 ille
412 1033 588 1085 quidem,
620 1045 735 1084 quem
757 1033 800 1071 lu
821 1045 905 1072 esse
926 1033 1031 1072 hunc
1053 1046 1265 1078 memmas,
1298 1033 1416 1073 hodie
1437 1033 1528 1072 hinc
1549 1032 1641 1072 abiit

91 1213 207 1246 Haud
224 1213 300 1245 vidi
319 1212 434 1254 mayis
457 1223 507 1244 sc.
528 1222 696 1254 aequom,
716 1210 831 1244 nichts

88 1258 137 1291 ist
154 1256 307 1300 billiger‚
322 1256 356 1290 d.
370 1257 392 1289 i.
416 1268 450 1289 es
466 1255 550 1289 faillt
566 1255 634 1289 mir
647 1266 713 1299 gar
731 1255 833 1288 nicht

88 1303 147 1336 ein
167 1302 230 1335 das
247 1301 351 1344 billig
368 1313 412 1335 zu
431 1301 572 1342 finden,
565 1315 572 1321 ·
593 1300 724 1333 einmal
742 1300 831 1333 viel-

91 1347 203 1381 leicht
228 1346 321 1380 ohne
345 1346 442 1390 Ellip
446 1358 482 1379 se
506 1346 633 1390 Amph.
659 1346 695 1377 II
725 1348 763 1387 2,
789 1349 830 1378 47

89 1397 307 1437 expectatun
323 1391 506 1424 advenio?
528 1392 608 1424 Sos.
624 1391 739 1423 Haud
754 1391 831 1423 vidi

88 1438 206 1480 magis
223 1441 462 1480 expectatum,
478 1447 581 1479 quem
599 1436 742 1468 salutat
755 1447 831 1468 πια-

87 1483 143 1525 9is
162 1482 264 1514 haud
282 1482 475 1524 quisquam
489 1492 598 1523 quam
616 1492 754 1522 canem,
771 1491 828 1512 wo

88 1526 147 1560 die
162 1526 293 1559 Lesart
309 1525 475 1559 unsicher
491 1525 548 1558 ist..

134 1575 211 1606 559.
237 1576 270 1603 et
289 1570 418 1612 auch.
435 1582 461 1603 5.
482 1582 526 1603 zu
547 1573 644 1603 1006.
665 1588 707 1593 ——
726 1569 811 1612 Tyn
828 1591 831 1593 >

88 1616 196 1650 datus
221 1616 308 1659 geht
330 1615 466 1648 darauf
486 1626 567 1653 aus,
594 1615 662 1647 den
688 1614 830 1647 Aristo-

88 1662 246 1705 phontes
279 1671 323 1693 zu
357 1660 471 1693 einem
513 1660 591 1692 dem
624 1659 831 1692 WVabnsinn

89 1706 282 1739 iihnlichen
309 1704 430 1738 Grade
453 1704 512 1738 des
531 1705 670 1737 Zornes
695 1715 738 1736 zu
762 1704 830 1737 rei—

89 1763 175 1795 zen,
195 1751 307 1783 daher
322 1749 522 1792 vergleicht
538 1761 575 1782 er
592 1749 655 1782 ihn
673 1749 738 1782 mit
752 1748 829 1782 drei

90 1808 152 1830 aus
166 1778 248 1828 der
275 1795 335 1838 M)
335 1795 405 1828 the
434 1796 641 1827 bekannten
671 1794 829 1835 Heroen,

88 1853 159 1875 von
174 1840 291 1873 denen
301 1840 357 1872 die
371 1845 488 1873 ersten
497 1839 627 1873 beiden
642 1839 828 1872 ihreM—ut

87 1885 207 1920 terim
222 1884 425 1918 WVahnsinn
446 1884 624 1924 t6dteten,
640 1884 702 1917 der
719 1884 830 1917 dritte

91 1931 282 1974 (Lykurg.
299 1929 362 1962 der
379 1929 501 1972 Konig
518 1930 580 1962 der
598 1929 828 1962 thrakischen

88 1976 236 2009 Edoner
257 1975 361 2008 Hom.
392 1974 435 2008 Il.
461 1978 499 2014 6,
530 1979 592 2008 130
617 1975 673 2016 ff.)
704 1985 829 2017 wegen

90 2020 186 2054 eines
202 2020 388 2053 Attentats
408 2020 474 2052 auf
483 2020 551 2052 den
567 2019 830 2062 Dionysoscul-

91 2072 147 2099 tus
169 2077 240 2098 von
264 2064 327 2097 der
354 2065 522 2098 Gottheit
545 2064 610 2097 mit
625 2064 830 2097 WVahnsinn

90 2110 246 2153 gestraft
259 2110 392 2143 wurde.
417 2109 736 2154 DerAmphiaraos
724 2109 829 2142 ssohn

89 2156 257 2188 Alcmaeo
282 2154 360 2187 hier
384 2155 421 2188 in
447 2155 509 2187 der
526 2154 748 2207 Umbildung
766 2155 829 2186 Al-

90 2211 237 2233 cumeus
252 2199 340 2242 (vgl.
348 2195 528 2243 Ἀλκιιὲων
541 2199 600 2232 fiir
612 2195 828 2242 Ἀλκμαίων

89 2245 177 2278 iiber
199 2244 267 2276 den
292 2244 523 2278 schaltvocal
548 2257 571 2277 u
603 2256 630 2277 5.
654 2255 698 2277 zu
722 2244 829 2276 Trin.

89 2290 173 2332 425)
193 2288 295 2322 nicht
310 2289 583 2322 befremdlicher
600 2289 651 2322 als
669 2289 830 2322 Titanus

88 2334 189 2368 Pers.
222 2334 239 2366 Ι
264 2338 302 2376 1,
325 2337 369 2366 26
397 2334 457 2367 fiir
489 2330 629 2376 Τιτάν,
658 2336 830 2367 Adoneus

88 2379 189 2412 Men.
214 2379 232 2412 Ι
256 2382 293 2421 2,
317 2382 359 2412 35
383 2379 443 2412 fiir
461 2361 636 2420 Ἄδωνις,
659 2379 831 2413 vielmehr

89 2423 261 2458 scheinen
302 2423 359 2456 die
393 2424 549 2457 Formen
591 2424 655 2457 auf
692 2437 735 2457 ns
774 2423 830 2455 die

89 2468 282 2512 eigentlich
292 2468 492 2513 ροριιίὲίτθῃ
502 2480 663 2512 gewesen
675 2480 719 2502 zu
734 2468 827 2502 sein·
821 2493 828 2507 ‚

89 2513 146 2547 die
163 2513 408 2557 Verkiirzung
431 2514 493 2546 der
517 2519 638 2547 ersten
657 2514 755 2548 Silbe
772 2525 831 2546 er-

89 2558 187 2592 kliirt
208 2558 285 2592 sich
310 2570 373 2592 aus
397 2559 496 2593 Einl.
523 2558 626 2592 Trin.
651 2560 688 2594 S
708 2562 760 2593 16.
788 2579 831 2582 -

89 2609 235 2656 postea,
277 2603 410 2645 dann,
450 2615 556 2637 wenn
591 2603 663 2638 dies
650 2616 706 2637 ser
738 2604 831 2637 mein

88 2647 219 2682 sodalis
235 2648 296 2682 ist.

135 2696 212 2727 560.
238 2705 316 2726 una
341 2705 451 2737 opera
476 2721 482 2726 .
504 2720 511 2727 .
537 2705 609 2736 qua
635 2695 698 2737 (zu
723 2694 832 2733 Trin.

90 2739 174 2780 578)
192 2738 270 2772 hier
289 2738 403 2781 „eben
422 2750 460 2771 so
479 2744 547 2781 gut
565 2738 657 2772 als“.

137 2785 212 2818 561.
239 2795 313 2817 non
331 2783 401 2816 wie
419 2786 503 2825 966,
519 2795 546 2817 s.
566 2794 610 2816 zu
630 2783 732 2818 Trin.
751 2787 832 2824 414.

895 1077 1050 1128 Alidem

1576 1095 1643 1126 570

946 1214 1022 1244 563.
1051 1210 1253 1245 Chiasmus.
1407 1250 1409 1254 .

946 1258 1023 1292 564,
1048 1268 1131 1288 vero
1157 1256 1258 1289 nicht
1280 1255 1461 1295 Partikeh
1486 1255 1642 1289 sondern

902 1300 1060 1334 modaler
1084 1301 1231 1334 Ablativ
1259 1301 1323 1343 „in
1348 1300 1576 1339 Wahrheit“‚
1602 1312 1639 1334 so

902 1346 1007 1379 Most.
1027 1346 1042 1378 I
1061 1349 1093 1387 3,
1113 1349 1153 1378 21
1174 1358 1257 1379 vero
1277 1345 1358 1388 (der
1370 1345 1563 1379 Wahrheit
1579 1357 1641 1388 ge-

902 1391 1010 1432 mfiss)
1031 1392 1155 1423 extolli
1173 1392 1276 1435 (opp.
1291 1392 1388 1433 falso
1402 1391 1644 1432 vituperari),

900 1435 947 1469 ib.
966 1439 1008 1468 ‘23
1033 1447 1116 1468 vero
1134 1437 1291 1479 culpari.
1326 1435 1440 1468 Blerc.
1458 1435 1510 1468 IV
1528 1438 1546 1468 1
1559 1461 1567 1476 ,
1587 1439 1641 1469 19.

900 1480 1010 1513 True.
1032 1481 1066 1513 II
1084 1484 1122 1522 2,
1140 1484 1194 1514 47.
1221 1480 1321 1514 Asin.
1342 1481 1399 1513 III
1422 1483 1460 1522 2,
1479 1483 1531 1513 22.
1559 1480 1641 1516 Cas.

899 1525 951 1558 IV
968 1529 986 1558 2
999 1551 1007 1562 ,
1027 1529 1077 1560 11.
1113 1525 1242 1570 Amph.
1268 1525 1304 1557 II
1323 1529 1361 1567 2,
1378 1528 1420 1558 46
1433 1551 1441 1566 ‚
1467 1525 1532 1558 mit
1549 1527 1643 1559 serio

901 1571 1108 1603 verbunden
1123 1571 1256 1614 Amph.
1269 1571 1324 1603 III
1339 1574 1372 1611 3,
1386 1574 1405 1604 9
1420 1570 1495 1603 und
1508 1570 1642 1603 Pseud.

899 1615 951 1648 IV
966 1619 997 1654 7.
1012 1619 1064 1649 94.
1094 1616 1142 1649 So
1164 1615 1256 1648 noch
1273 1615 1312 1648 in
1331 1617 1395 1648 ain
1414 1616 1524 1648 vero?
1539 1616 1643 1648 itane

904 1672 986 1693 vero
1001 1661 1018 1693 ?
1045 1662 1096 1693 ita
1116 1661 1232 1693 hercle
1250 1672 1334 1693 vero
1359 1660 1434 1693 und
1452 1659 1642 1693 fihnlichen

900 1705 1196 1748 Verbindungen.
1236 1705 1320 1739 Dies
1344 1717 1426 1738 vero
1450 1705 1498 1738 ist
1520 1706 1644 1750 spkitcr

899 1751 1176 1793 abgeschwacht
1194 1761 1258 1783 zur
1277 1750 1556 1793 Bekriiftigung‚
1576 1762 1640 1783 na—

899 1795 1068 1828 mentlich
1101 1795 1136 1828 in
1174 1797 1392 1829 Antworten
1434 1795 1642 1828 verwendet

899 1841 1062 1875 worden.

945 1888 1021 1920 566.
1060 1891 1101 1918 ut
1130 1898 1200 1918 rem
1233 1887 1335 1918 video
1373 1885 1468 1927 „wie
1496 1885 1552 1918 ich
1582 1885 1641 1918 die

899 1930 1016 1963 sache
1035 1931 1217 1973 angethan
1236 1930 1360 1973 sehe“‚
1382 1930 1642 1973 vollstfindiger

899 1975 1008 2008 Truc.
1028 1976 1061 2006 V
1085 1980 1122 2017 1,
1142 1980 1183 2009 70
1209 1982 1250 2008 ut
1274 1988 1345 2008 rem
1368 1981 1497 2008 natam
1524 1976 1639 2010 video.

903 2021 1137 2061 Cas.113,35.
1165 2020 1296 2053 Bacch.
1311 2021 1347 2052 ΙῘ
1361 2023 1394 2061 2,
1414 2023 1467 2053 40.
1494 2020 1592 2054 Men.
1610 2020 1642 2051 V

902 2070 934 2106 1.
952 2069 1005 2099 37.
1036 2072 1076 2098 ut
1094 2066 1221 2098 nimmt
1240 2064 1640 2107 ausorhergehendes

901 2110 1026 2153 Bezug
1044 2110 1112 2143 wie
1129 2110 1232 2143 Trin.
1252 2114 1316 2144 547
1337 2115 1377 2143 ut
1393 2116 1427 2142 te
1444 2111 1575 2143 audivi
1593 2112 1642 2143 lo-

900 2157 973 2199 qui.
1009 2159 1072 2189 729
1092 2161 1132 2188 ut
1149 2156 1237 2188 mihi
1256 2167 1329 2188 rem
1345 2167 1494 2188 narras.
1532 2154 1641 2200 Epid

900 2202 916 2233 Ῐ
942 2205 985 2242 1,
1004 2204 1065 2242 59,
1093 2213 1132 2234 50
1161 2206 1203 2234 ut
1224 2201 1406 2244 perspicio
1431 2200 1535 2244 Capt.
1561 2203 1639 2242 582,

900 2252 941 2279 ut
969 2247 1119 2289 pmedic
1123 2258 1181 2287 as,
1217 2251 1258 2279 ut
1286 2246 1456 2288 intelleqo
1480 2256 1514 2278 u.
1543 2256 1573 2278 a.
1602 2265 1635 2269 —

901 2292 1121 2324 vanitudine
1138 2306 1181 2318 =
1198 2291 1409 2323 mendaciis.

945 2339 1022 2370 568.
1042 2335 1107 2368 Die
1120 2335 1366 2378 Verkurzung
1378 2346 1451 2368 von
1469 2337 1560 2377 πέρα
1577 2338 1642 2368 ιη-

900 2393 1009 2424 quam
1030 2381 1126 2414 steht
1148 2381 1208 2414 fiir
1222 2380 1375 2414 Plautus
1401 2379 1467 2413 auf
1486 2379 1643 2422 gleicher

898 2425 1004 2458 Linie
1030 2426 1094 2458 mit
1119 2428 1205 2469 quid
1229 2426 1334 2469 εἷ’-90,
1360 2437 1387 2459 5.
1411 2425 1510 2457 Einl.
1536 2424 1641 2458 Trin.

900 2472 937 2504 S.
959 2474 1000 2504 14
1019 2471 1041 2506 f.
1075 2470 1141 2503 Die
1162 2470 1295 2504 Lesart
1318 2470 1411 2503 nach
1428 2469 1562 2502 Miiller
1584 2469 1640 2502 Pl.

899 2516 959 2549 Pr.
980 2517 1017 2549 S.
1036 2519 1120 2557 204,
1139 2516 1177 2548 in
1195 2516 1264 2549 den
1282 2516 1451 2549 Biichern
1467 2514 1581 2548 steht:
1608 2520 1642 2547 tc

901 2572 1014 2603 neyas
1036 2561 1250 2604 Tyndarum
1268 2573 1354 2594 esse.

946 2608 1022 2639 570.
1048 2607 1187 2638 Alidem
1212 2606 1306 2639 ohne
1322 2605 1553 2650 Priiposition
1573 2616 1641 2637 nur

902 2662 948 2684 an
972 2649 1085 2683 dieser
1096 2650 1233 2691 stelle,
1258 2650 1420 2683 zweimal
1444 2652 1480 2683 in
1499 2651 1641 2683 Alidem

901 2697 976 2729 376.
992 2698 1071 2738 585,
1089 2697 1124 2728 in
1145 2697 1249 2728 Alide
1267 2707 1312 2729 an
1332 2696 1416 2728 aoht
1431 2694 1567 2728 Stellen
1588 2694 1637 2736 (9.

900 2743 954 2776 24.
988 2744 1066 2774 541.
1102 2744 1178 2775 544.
1214 2743 1290 2774 587.
1323 2743 1398 2774 634.
1432 2743 1508 2773 970.
1543 2739 1639 2781 976).

900 2786 1007 2819 Alide
1025 2785 1117 2818 ohne
1133 2789 1169 2819 in
1190 2797 1257 2818 nur
1274 2788 1349 2820 327.
1385 2785 1459 2817 Der
1474 2784 1640 2829 prz'iposi-
