1814 3105
59 123 166 167 111,4‚
178 123 341 168 57—75.]

706 118 978 152 oAPTIVI.
1562 117 1620 161 49

175 233 389 283 Propterea
411 230 457 269 ad
479 235 632 280 patrem
653 230 744 269 hinc
766 231 876 269 amisi
893 229 1132 281 Tyndarum.
1168 231 1248 270 AR.
1273 230 1374 276 Quin
1397 230 1476 270 tute
1496 231 1530 270 is
1552 244 1614 272 es:

175 287 308 338 Neque
329 291 486 336 praeter
507 291 544 324 te
565 288 605 325 in
629 274 744 324 Alide
766 285 868 324 ullus
889 285 1025 324 seruos
1045 287 1143 325 istoc
1165 287 1373 326 nominest.

175 342 248 381 TY.
273 342 416 397 Rei-gin
433 354 590 381 seruom
607 354 670 380 me
693 341 933 391 exprobrare
951 353 1048 386 esse,
1067 340 1106 379 id
1123 341 1228 392 quod
1245 343 1283 380 ui
1304 341 1434 381 hostili
1454 343 1615 394 optigit?

99 401 158 438 60
172 397 248 437 AR.
271 398 388 436 Enim
409 399 486 437 iam
507 409 659 449 nequeo
682 397 884 436 contineri.
928 396 1003 437 TY.
1028 394 1144 441 Heus,
1168 396 1286 435 audin
1308 398 1400 448 quid
1422 398 1499 436 ait?
1521 398 1615 450 quin

867 453 992 490 fucris?

172 509 253 548 Iam
275 508 354 547 illio
376 509 439 547 hic
458 520 532 547 nos
554 508 763 547 insectabit
784 483 996 557 lapidib’us,
1020 507 1094 545 nisi
1113 506 1234 546 illunc
1255 507 1366 547 iubes

1550 514 1617 547 590

173 564 459 616 Conprehendi.
493 564 569 602 AR.
595 563 770 607 Crucior.
807 563 882 602 TY.
907 562 1055 601 Ardent
1071 564 1191 602 oculi:
1216 563 1307 602 fune
1324 568 1451 614 opust,
1470 564 1614 616 Hegio:

175 620 297 659 Viden
320 626 360 659 tu
380 619 435 658 illi
455 619 644 659 maculari
666 631 808 670 corpus
830 620 951 658 totum
974 618 1136 657 maculis
1156 618 1317 658 luridis?

174 665 270 715 Atra
293 675 382 715 bilis
403 677 522 726 agitat
542 675 754 714 hominem.
798 675 875 714 AR.
897 676 943 714 At
964 674 1029 725 pol
1050 679 1106 720 te,
1130 676 1162 713 si
1182 675 1246 714 hic
1268 675 1393 727 sapiat
1415 687 1557 722 seneX‚

100 732 244 779 ss53Pix
266 737 347 771 atra
370 733 487 782 agitet
508 731 608 782 apud
633 731 868 770 carnuficem
891 732 1038 781 tuoque
1062 732 1179 782 capiti
1199 730 1381 770 inluceat.

172 788 248 826 TY.
270 788 351 827 Iam
374 787 628 826 deliramenta
651 786 845 837 loquitur,
869 786 1001 826 laruae
1024 787 1224 825 stimulant
1244 788 1387 826 uirum.
1550 794 1615 825 595

170 844 249 882 HE.
280 843 381 889 Quid
414 841 502 882 ais?
532 843 623 893 quid
652 843 683 880 si
706 843 809 881 hunc
831 842 1097 893 conprehendi
1117 843 1326 882 iusserim?
1374 843 1449 882 TY.
1481 843 1616 895 Sapias

867 900 1003 949 magis.

171 955 247 992 AR.
275 954 437 993 Crueior
459 954 627 1004 lapidem
651 955 728 992 non
753 953 898 992 habere
920 955 1000 999 me,
1026 959 1066 992 ut
1087 953 1140 992 illi
1162 955 1363 1005 mastigiae

172 1009 388 1049 Cerebrum
411 1011 622 1055 excutiam,
646 1009 712 1060 qui
737 1022 798 1048 me
819 1011 998 1049 insanum
1025 1009 1155 1048 uerbis
1177 1010 1388 1049 concinnat
1408 1011 1500 1050 suis.

100 1069 156 1105 70
174 1066 248 1104 TY.
271 1066 397 1104 Audin
419 1065 585 1116 lapidem
609 1066 854 1116 quaeritare?
895 1066 971 1105 AR.
997 1065 1111 1105 Solus
1133 1071 1169 1103 te
1190 1065 1316 1104 solum
1339 1065 1447 1111 uolo,

171 1122 305 1171 Hegio.
345 1121 424 1160 HE.
450 1122 563 1160 lstinc
581 1121 753 1172 loquere,
773 1121 898 1172 siquid
922 1122 994 1166 uis,
1014 1121 1172 1172 procul:
1195 1126 1326 1160 tamen
1348 1122 1516 1161 audiam.
1549 1129 1615 1160 600

171 1177 246 1216 TY.
271 1177 447 1228 Namque
470 1177 606 1228 edepol
630 1178 661 1216 si
683 1177 833 1216 adbites
854 1179 1034 1229 propius,
1058 1179 1101 1216 os
1123 1177 1325 1216 denasabit
1345 1177 1411 1216 tibi

171 1233 382 1272 Mordicns.
424 1234 500 1272 AR.
526 1234 660 1284 Neque
682 1233 746 1283 pol
771 1246 831 1272 me
852 1235 1052 1277 insanum,
1076 1233 1222 1283 Hegio,
1248 1245 1333 1273 esse
1355 1233 1527 1279 creduis,

172 1289 308 1339 Neque
335 1289 456 1327 fuisse
479 1292 664 1340 umquam
686 1301 812 1340 neque
835 1301 918 1328 esse
941 1289 1141 1333 morbum,
1172 1301 1287 1340 quem
1315 1290 1400 1328 istic
1422 1289 1612 1329 autumat.

103 1345 313 1384 75Verum
337 1345 459 1395 siquid
483 1346 623 1383 metuis
645 1358 664 1383 a
689 1358 769 1389 me,
794 1345 883 1384 iube
906 1358 967 1383 me
991 1346 1129 1384 uinciri
1151 1345 1262 1390 ilico,

103 1468 179 1499 589.
206 1466 313 1507 enim,
329 1477 355 1498 s.
375 1476 420 1498 zu
439 1467 514 1499 565.
551 1465 630 1508 Vgl.
648 1465 745 1499 Men.
765 1465 801 1498 II

58 1514 97 1553 1,
114 1513 156 1544 28
181 1522 306 1543 verum
324 1516 443 1543 tamen
466 1522 602 1554 nequeo
621 1512 801 1544 contineri

57 1556 147 1599 quin
166 1556 309 1599 loquar.

102 1614 178 1645 591.
231 1610 379 1643 Raserei
421 1611 560 1653 (rabies
594 1614 668 1644 544.
702 1612 800 1654 555),

55 1655 261 1689 brennende
272 1656 402 1698 Augen
423 1655 581 1698 (Memv
594 1659 626 1697 2,
643 1659 683 1689 77
702 1655 798 1699 [829]

56 1701 149 1734 auch
168 1701 263 1734 oculi
281 1701 527 1742 scintillant),
546 1700 648 1743 gelbe
667 1701 800 1734 Flecke

55 1745 130 1778 und
152 1745 338 1778 schwarze
363 1745 468 1778 Galle
491 1745 570 1778 sind
593 1746 705 1778 sehon
730 1758 800 1779 von

55 1790 124 1823 den
157 1789 255 1823 alten
290 1791 448 1823 Aerzten
483 1790 535 1823 als
568 1790 800 1823 Affectionen

54 1834 118 1867 der
133 1834 318 1879 Epilepsie
336 1835 496 1868 erkannt
513 1835 671 1868 worden.

100 1893 175 1924 594.
195 1890 292 1932 „Mit
305 1891 529 1924 raffinierter
544 1891 800 1925 Grausamkeit

53 1935 228 1968 besti-afta
243 1947 324 1968 man
340 1936 394 1968 oft
406 1935 463 1967 die
478 1935 637 1969 Sklaven
650 1947 703 1978 so,
718 1936 799 1970 dass

53 1991 135 2013 man
159 1979 227 2012 den
251 1979 477 2013 Verbrecher
504 1980 542 2013 in
571 1981 677 2014 einen
704 1981 798 2014 Ofen

53 2025 149 2058 warf
176 2024 301 2069 (Epid.
331 2025 348 2057 I
373 2029 412 2067 2,
440 2028 492 2058 16.
534 2026 614 2059 Cas.
640 2026 677 2058 Π
701 2030 739 2067 5,
765 2030 797 2068 1)

54 2069 139 2102 oder
166 2069 229 2102 ihn
259 2070 326 2103 mit
348 2070 446 2102 Pech
474 2070 632 2103 bestrich
664 2071 737 2103 und
759 2083 797 2104 so

51 2115 280 2147 verbrennen
297 2115 415 2148 liess.“
443 2115 560 2160 Marq.

91 2172 167 2203 595.
178 2171 420 2204 deliramenta
431 2172 531 2215 loqui
542 2171 638 2212 „irre
649 2171 797 2205 reden“.

53 2213 151 2248 Men.
169 2218 244 2248 920.
272 2215 399 2258 Amph.
421 2216 458 2248 II
475 2220 509 2257 2,
527 2219 580 2249 64.
597 2235 643 2240 —
667 2218 800 2250 laruae

54 2260 161 2302 (stets
194 2259 378 2303 dreisilbig
409 2260 466 2292 bei
498 2260 672 2303 Plautus)
716 2262 798 2304 „die

51 2304 160 2337 b6sen
180 2305 350 2337 Geister“
370 2304 430 2338 des
448 2305 650 2339 r6mischen
667 2307 798 2340 Volks-

53 2348 240 2392 glaubens,
259 2349 456 2392 eigentlich
474 2349 531 2382 die
545 2351 798 2394 abgeschiede-

53 2405 123 2427 nen
164 2393 292 2428 Seelen
332 2395 435 2428 biiser
468 2395 685 2439 Menschen,
728 2397 796 2429 den

51 2450 177 2472 manes
205 2444 544 2483 entgegengesetzt,
579 2441 709 2483 qualen
739 2442 797 2474 fu-

51 2483 231 2527 rienartig
249 2484 385 2517 sowohl
402 2484 459 2517 die
475 2485 727 2519 Gestorbenen
747 2486 797 2519 als

51 2528 109 2561 die
131 2528 343 2569 Lebenden,
367 2529 425 2562 bei
448 2529 564 2562 denen
587 2530 639 2563 sie
658 2531 708 2564 als
725 2531 798 2564 Ur—

51 2573 158 2606 sache
181 2573 242 2607 des
258 2574 481 2608 Wahnsinns
506 2574 648 2617 gelten,
668 2576 796 2620 Amph.

50 2617 89 2650 II
106 2621 227 2659 2145.
255 2618 337 2652 Aul.
352 2619 404 2651 IV
416 2623 450 2661 4,
466 2622 517 2652 15.
544 2619 624 2652 Cas.
638 2620 693 2653 III
705 2623 737 2662 4,
754 2624 795 2662 23

50 2662 172 2696 davon
190 2665 366 2697 laruatus
386 2665 492 2706 (stets
510 2664 724 2708 viersilbig).

99 2721 175 2752 596.
201 2720 290 2762 quid
309 2721 341 2752 si
359 2719 424 2753 mit
442 2720 549 2763 Conj.
567 2731 684 2764 praes.
711 2721 797 2754 oder

52 2763 144 2808 perf.
168 2763 270 2797 fiihrt
288 2764 357 2797 den
375 2764 534 2798 Eintritt
557 2764 657 2798 einer
675 2766 794 2799 That-

49 2807 159 2842 sache
190 2807 228 2840 in
261 2809 324 2841 der
357 2810 465 2843 Form
499 2810 563 2843 der
597 2810 795 2853 bedingten

120 2869 220 2895 Plaut.
240 2870 324 2901 Capt.
360 2871 383 2896 2.
402 2870 481 2896 Aufi.

870 1465 1111 1508 Miiglichkeit
1139 1466 1213 1506 ein,
1245 1465 1357 1499 daher
1387 1466 1442 1500 oft
1462 1466 1520 1499 bei
1545 1478 1613 1500 un—

871 1510 1154 1553 massgeblichen
1195 1510 1461 1554 Vorschliigen,
1512 1524 1614 1556 „was

872 1555 1001 1589 meinst
1022 1555 1090 1597 du,
1114 1567 1221 1588 wenn
1246 1555 1304 1588 ich
1329 1556 1428 1589 thate
1453 1576 1488 1580 —
1504 1582 1513 1599 ,
1545 1556 1614 1591 wie

871 1600 966 1633 ware
983 1612 1019 1633 es
1044 1611 1151 1632 wenn
1171 1600 1267 1633 —-¹?“
1287 1603 1363 1634 609.
1396 1601 1502 1635 Curc.
1526 1601 1564 1634 Π
1581 1606 1615 1644 3,

871 1648 911 1678 72
938 1646 1026 1688 quid
1052 1646 1083 1677 si
1109 1646 1303 1688 adeamus,
1331 1647 1615 1680 decumbamus?

869 1690 980 1723 Poen.
998 1693 1026 1723 V
1043 1693 1082 1731 3,
1100 1693 1142 1723 43
1167 1690 1256 1733 quid
1281 1691 1312 1723 si
1329 1703 1454 1724 eamus
1478 1692 1553 1724 illis
1572 1693 1613 1725 ob

871 1735 995 1767 viam?
1025 1734 1104 1767 Cas.
1122 1734 1160 1766 II
1178 1738 1210 1777 5,
1228 1738 1270 1768 37
1289 1736 1378 1778 quid
1395 1736 1427 1769 si
1445 1748 1524 1769 sors
1542 1737 1613 1770 ali—

870 1785 926 1812 ter
949 1779 1134 1812 evenerit?
1166 1779 1267 1812 Auch
1291 1780 1356 1813 mit
1372 1780 1450 1813 dem
1467 1780 1613 1814 Indica-

871 1824 941 1857 tiv:
955 1836 1056 1867 „was
1071 1823 1202 1857 meinst
1214 1824 1277 1867 du,
1288 1836 1394 1858 wenn
1408 1825 1464 1858 ich
1474 1826 1614 1859 thueiffl

869 1869 966 1902 Men.
982 1872 1047 1902 844
1065 1870 1154 1912 quid
1168 1870 1200 1902 si
1214 1881 1276 1912 eqo
1294 1871 1364 1903 huc
1378 1882 1501 1904 servos
1515 1871 1613 1904 cito?

870 1914 977 1958 Epid.
992 1913 1044 1946 IV
1057 1917 1090 1956 2,
1103 1917 1146 1947 29
1164 1916 1253 1958 quid
1268 1915 1300 1947 si
1314 1927 1418 1948 servo
1436 1920 1489 1948 est
1502 1917 1613 1949 aliter

870 1960 1014 1992 visum?
1039 1958 1148 1992 Most.
1172 1959 1229 1992 ΙΙΙ
1247 1963 1279 2001 1,
1299 1962 1362 1993 155
1385 1960 1476 2003 quid
1499 1962 1531 1993 si
1555 1961 1614 1994 hic

868 2004 1018 2037 manebo
1036 2005 1161 2046 potius
1179 2006 1228 2036 ad
1245 2005 1456 2037 meridiem?
1474 2005 1546 2047 (ais
1564 2005 1613 2039 ist

867 2060 939 2082 von
960 2049 1002 2081 Ο.
1021 2048 1184 2091 Seyffert
1202 2048 1430 2092 eingesetzt).

914 2096 989 2127 597.
1008 2095 1151 2126 crucior
1169 2093 1232 2126 mit
1249 2096 1345 2136 quod
1359 2097 1438 2136 993,
1452 2094 1520 2128 wie
1534 2094 1612 2128 hier

868 2139 952 2171 Ter.
975 2137 1086 2171 Haut.
1112 2141 1176 2172 673
1205 2140 1349 2171 crucior
1378 2140 1498 2173 bolum
1523 2140 1612 2173 mihi

869 2189 1015 2216 tantum
1039 2189 1214 2227 ereptum.
1255 2183 1434 2217 Aehnlich
1456 2184 1556 2218 Asin.
1574 2184 1613 2218 II

868 2232 902 2269 4,
926 2231 968 2261 62
996 2230 1101 2270 ferox
1130 2234 1183 2261 est
1211 2229 1345 2271 viginti
1367 2230 1488 2262 minas
1512 2242 1611 2263 meas

868 2278 1031 2306 tractare
1048 2285 1134 2306 sese.

913 2321 989 2352 598.
1015 2319 1238 2351 concinnare
1254 2334 1297 2346 =
1315 2320 1466 2352 reddere
1488 2319 1526 2352 in
1547 2318 1611 2352 der

868 2363 1135 2407 Volkssprache
1147 2389 1155 2405 ,
1173 2366 1248 2396 814.
1275 2363 1379 2396 Trin.
1398 2366 1474 2397 684.

912 2411 987 2441 599.
1004 2409 1083 2441 volo
1102 2409 1316 2451 colloqui,
1329 2408 1610 2443 s.zuTrin.516.

912 2455 987 2486 601.
1020 2454 1182 2495 adbites,
1208 2464 1253 2486 zu
1272 2457 1346 2486 377.
1365 2473 1408 2477 -
1432 2465 1471 2486 os
1495 2455 1609 2487 clena-

868 2510 951 2530 sare
973 2497 1041 2530 wie
1065 2499 1183 2530 malas
1206 2500 1380 2531 edentare
1403 2497 1497 2531 Rud.
1521 2498 1559 2531 II
1576 2502 1609 2542 3,

867 2544 929 2585 48,
953 2547 1066 2586 caput
1089 2544 1282 2575 exoculare
1303 2543 1397 2576 Rud.
1421 2543 1478 2576 III
1494 2546 1535 2586 4,
1553 2545 1611 2586 26,

868 2599 906 2620 os
926 2599 1096 2620 exossare
1115 2587 1242 2630 Amph.
1261 2588 1278 2620 Ι
1297 2591 1334 2630 1,
1354 2591 1416 2621 162
1435 2587 1474 2621 ff.

912 2634 988 2665 602.
1019 2631 1153 2665 Miiller
1176 2632 1230 2665 Pl.
1254 2632 1315 2665 Pr.
1338 2633 1375 2666 S.
1395 2635 1460 2666 548
1485 2632 1611 2675 glaubt

866 2689 966 2710 nunc
984 2676 1077 2710 nach
1091 2677 1216 2719 Neque
1229 2677 1461 2720 ausgefallen.
1475 2696 1519 2700 —-
1532 2689 1609 2710 cre-

867 2723 969 2761 duis,
989 2733 1016 2754 s.
1035 2732 1080 2754 zu
1100 2721 1203 2754 Trin.
1222 2725 1296 2755 102.
1315 2725 1390 2756 606.

910 2769 986 2799 604.
1005 2767 1086 2798 ilico
1100 2765 1235 2799 Miiller
1248 2766 1300 2802 l.l.
1317 2768 1354 2800 S.
1367 2770 1444 2809 191,
1458 2766 1538 2799 volo
1552 2765 1611 2798 die

865 2810 1164 2844 Handschriften.

1317 2870 1342 2902 4
