1814 3105
38 118 174 162 11,1‚47
184 138 227 143 -
236 120 290 152 54.
311 116 396 160 11,2‚
408 119 425 149 1
434 136 477 140 -
487 115 534 160 9.]

664 109 961 143 CAPTIVI.
1529 106 1584 148 25

207 226 331 272 Quom
357 224 519 263 antehac
548 235 621 274 pro
653 224 739 261 iure
770 220 1045 272 imperitabam
1072 221 1180 266 mee,
1212 232 1316 260 nunc
1345 226 1383 258 te
1414 232 1482 259 oro
1513 221 1584 271 per

842 289 1000 328 precem
1013 309 1022 322 ,

207 337 283 376 Per
302 336 498 374 fortunam
521 335 710 374 incertam
733 339 770 372 et
790 344 861 383 per
882 334 960 372 mei
980 338 1018 371 te
1040 333 1132 383 erga
1154 332 1367 371 bonitatem
1389 332 1509 382 patris

205 393 358 443 Perque
380 391 584 431 seruitium
607 401 833 433 commune,
856 389 959 440 quod
981 389 1132 428 hostica
1154 389 1287 427 euenit
1308 399 1443 432 manu,

83 451 136 489 50
206 448 264 487 Ne
285 460 347 487 me
368 460 481 487 secus
502 448 650 486 honore
671 446 874 489 honestes,
897 457 1012 496 quam
1034 456 1151 509 quom
1173 443 1350 482 seruibas
1371 444 1465 482 mihi

208 493 339 554 Atque
354 510 397 543 ut
413 505 479 556 qui
494 503 616 542 fueris
633 507 670 540 et
685 502 751 552 qui
768 512 873 539 nune
888 501 942 540 sis
958 501 1184 539 meminisse
1196 505 1240 538 ut
1254 500 1492 538 memineris.
1519 504 1583 536 245

207 560 281 599 TY
307 559 575 612 Seiotquidem
597 570 660 597 me
679 558 718 597 te
739 569 824 596 esse
844 568 949 596 nunc
972 561 1010 594 et
1029 556 1068 595 te
1085 568 1169 595 esse
1184 568 1262 594 me.
1294 556 1371 594 PH.
1395 555 1466 594 Em
1482 557 1583 594 istuc

842 613 875 652 si
898 617 1008 678 potes

208 672 433 711 Memoriter
455 670 699 714 meminisse,
724 674 782 708 est
802 669 915 708 nobis
936 669 1024 718 spes
1045 670 1086 707 in
1106 668 1180 707 hac
1201 667 1354 706 astutia.

374 882 538 915 HEGIO.
587 881 938 916 PHILOCRATES.
986 880 1250 916 TYNDARVS.

37 963 130 1002 11.2
148 963 228 1019 HE.
252 963 332 1001 Iam
356 962 427 1012 ego
450 966 630 1000 r·eu01ta1
652 961 775 1004 intro,
798 961 829 999 si
852 973 898 998 ex
922 960 983 998 his
1004 960 1104 1011 quae
1125 958 1214 998 uolo
1237 959 1502 1010 exquisiuero.
1546 975 1637 987 --

152 1009 231 1057 Vbi
252 1023 342 1056 sunt
363 1018 444 1061 isti,
467 1018 564 1067 quos
585 1022 674 1055 ante
697 1016 803 1055 aedis
825 1016 920 1055 iussi
941 1016 1018 1054 hue
1039 1016 1204 1067 produci
1227 1015 1356 1053 foras?

149 1075 228 1129 ΡΗ.
249 1065 403 1124 Edepol
425 1073 494 1111 tibi
515 1086 563 1111 ne
584 1074 623 1111 in
646 1072 873 1122 quaestione
896 1072 1069 1110 essemus
1091 1076 1246 1110 cautum
1269 1070 1473 1122 intellego.

1521 1079 1587 1110 250

148 1131 204 1169 Ita
225 1129 366 1169 uinclis
388 1129 651 1180 custodiisque
674 1128 988 1168 circummoeniti
1010 1139 1158 1167 sumus.

109 1189 132 1226 5
150 1186 232 1242 ῌΕ.
257 1186 332 1232 Qui
355 1190 467 1224 cauet
488 1198 537 1223 ne
559 1186 795 1236 decipiatur,
819 1185 886 1223 uix
909 1190 1039 1228 canet,
1063 1196 1181 1235 quom
1204 1183 1318 1223 etiam
1341 1190 1466 1223 cauet

148 1244 278 1282 Etiam
301 1254 418 1292 quom
442 1242 593 1281 cauisse
615 1246 722 1280 ratus
745 1247 820 1286 est,
845 1240 962 1291 saepe
983 1240 1014 1278 is
1036 1246 1171 1278 caut01
1193 1242 1329 1290 captus
1352 1246 1421 1279 est.

150 1301 213 1337 An
233 1311 330 1337 uero
352 1309 430 1336 non
452 1298 552 1336 iusta
573 1304 725 1336 causast
745 1297 788 1336 ut
808 1308 879 1336 uos
899 1308 1055 1335 seruem
1078 1295 1234 1341 sedulo,

150 1354 255 1400 Quos
279 1359 354 1392 tam
377 1354 513 1404 grandi
535 1354 608 1392 sim
630 1358 824 1392 mercatus
845 1352 1042 1404 praesenti
1062 1352 1251 1403 pecunia?
1522 1359 1587 1390 255

149 1411 226 1450 PH.
250 1383 397 1460 NaeiqueD
405 1409 470 1460 pol
491 1409 559 1448 tibi
580 1421 671 1453 nos,
696 1410 787 1459 quia
809 1421 881 1447 nos
902 1420 1056 1452 seruas,
1080 1408 1283 1459 aequomst
1303 1409 1398 1446 uitio
1416 1410 1586 1455 uertere,

38 1510 254 1544 Aufh6rens.
322 1508 403 1551 Vgl.
435 1508 592 1551 Vergil's
635 1509 776 1551 fuimus

39 1555 163 1589 Troes.
198 1554 305 1598 capt.
325 1557 399 1587 513.
417 1556 493 1587 572.
518 1554 628 1587 Truc.
646 1553 683 1585 II
697 1557 734 1595 3,
757 1556 776 1586 9

37 1602 154 1634 suade
170 1601 244 1633 iam
258 1605 300 1632 ut
313 1601 405 1632 satis
421 1600 553 1632 laverit
567 1599 627 1642 (=
635 1598 779 1631 desinat

36 1645 186 1687 lavare)
228 1644 335 1677 Most.
366 1643 416 1676 IV
439 1647 478 1685 3,
504 1647 545 1677 10
569 1646 673 1676 modo
698 1655 777 1676 eum

37 1691 173 1724 vixisse
196 1690 383 1731 aiebanfft
390 1700 439 1731 ,er
462 1689 513 1722 sei
534 1689 624 1721 kurz
649 1688 779 1721 vorher

36 1734 241 1779 gestorben
245 1735 267 1751 ‘⁶
301 1714 431 1767 Pseud.
446 1733 517 1775 13,
531 1737 572 1767 77
586 1734 669 1766 ilico
684 1734 780 1766 viaeit

37 1785 200 1820 amator,
230 1780 293 1812 ubi
322 1779 446 1812 lenoni
470 1779 667 1822 supplicat.
694 1778 775 1821 (D.)

37 1843 80 1849 -
104 1805 208 1858 stat't
237 1835 375 1856 servom
403 1823 520 1856 haben
548 1822 605 1855 die
633 1822 777 1856 Biicher

36 1881 259 1912 conservom,
276 1868 344 1901 wie
359 1871 424 1902 243
442 1869 699 1901 conservitium
717 1867 777 1900 fiir

36 1915 238 1948 servitium.

81 1962 158 1992 241.
186 1970 266 1991 ονο.·
285 1957 478 1990 hierdurch
493 1957 583 1990 wird
602 1957 695 1990 nach
709 1958 777 1990 den

38 2003 355 2037 Zwischensiitzen
383 2002 446 2035 das
476 2014 622 2046 opsecro
651 2003 688 2035 in
713 2006 778 2036 238

37 2048 171 2082 wieder
188 2048 474 2091 aufgenommen.

82 2096 158 2127 243.
183 2094 344 2135 hostica,
368 2092 456 2125 iiber
479 2092 536 2125 die
552 2092 726 2126 Prosodie
750 2104 778 2128 s.

36 2137 137 2172 Einl.
154 2137 258 2173 Trin.
277 2138 316 2172 S.
339 2141 389 2171 15.

83 2185 162 2216 244.
206 2184 342 2215 honore
373 2184 541 2215 honestes
576 2182 668 2215 auch
702 2185 780 2225 353,

37 2226 109 2271 vgl.
135 2228 309 2261 laudibus
327 2228 485 2260 laudare
508 2230 583 2261 417.
601 2230 686 2269 419,
709 2239 779 2260 me—

37 2273 155 2306 moria
187 2273 391 2304 meminisse
419 2275 503 2314 390,
537 2273 616 2304 luce
648 2273 780 2305 lucebit

39 2316 144 2351 Cure.
170 2317 187 2349 I
210 2320 248 2357 3,
267 2319 322 2350 26.
371 2316 474 2350 Diese
498 2317 658 2350 Ablativi
684 2317 778 2350 modi

37 2362 166 2395 dienen
195 2361 263 2394 wie
292 2360 472 2394 Adverbia
502 2362 591 2405 (vgl.
623 2373 667 2395 zu
695 2362 776 2404 134)

39 2418 105 2440 zur
122 2406 344 2449 Steigerung
367 2406 426 2439 des
450 2407 560 2439 ihnen
577 2406 682 2440 sinn-
703 2407 777 2439 und

40 2452 403 2486 stammverwandten
482 2451 777 2495 Verbalbegriffs.

84 2545 160 2576 247.
178 2542 383 2575 memoriter
396 2542 610 2581 meminisse,
625 2541 695 2585 vgl.
709 2554 777 2575 me-

38 2592 160 2620 morat
190 2587 394 2619 memoriter
433 2586 560 2630 Amph.
590 2587 607 2619 I
638 2590 676 2629 1,
700 2589 776 2628 261,

40 2632 157 2665 nitide
174 2632 266 2665 nitet
289 2631 399 2664 Truc.
425 2630 462 2663 II
491 2635 532 2673 4,
550 2635 589 2674 3,
625 2643 778 2675 propere

40 2688 217 2720 properas
254 2675 358 2711 Curc.
391 2675 442 2709 IV
470 2680 509 2718 3,
536 2679 564 2709 3.
605 2675 638 2707 V
659 2680 698 2719 3,
723 2680 777 2719 10,

41 2722 172 2764 cupide
193 2722 297 2765 cupis
321 2720 400 2753 Cas.
426 2720 464 2753 ΙΙ
487 2724 526 2761 3,
543 2723 606 2762 49,
640 2721 777 2754 tacitus

42 2770 163 2799 taceas
198 2771 276 2800 tute
304 2771 419 2798 tecum
458 2765 566 2809 Epid.
596 2765 628 2797 V
660 2770 697 2807 1,
721 2769 777 2808 44,

42 2811 187 2843 madide
200 2813 345 2844 madere
358 2810 490 2844 Pseud.
508 2810 540 2842 V
555 2814 588 2852 2,
604 2814 621 2844 7
640 2811 776 2853 (1297),

847 1519 872 1541 s.
892 1507 985 1540 auch
1004 1518 1049 1539 zu
1068 1510 1142 1540 134.
1155 1506 1274 1539 -Die
1288 1507 1588 1551 Ueberlieferung

846 1554 942 1585 inest
966 1564 1046 1596 spes
1063 1553 1168 1585 nobis
1193 1551 1258 1585 hat
1275 1551 1488 1586 Fleckeisen
1505 1565 1587 1587 ver-

846 1598 991 1630 bessert.

892 1644 966 1675 248.
993 1642 1109 1684 Hegio
1127 1641 1280 1685 spricht,
1294 1653 1357 1675 aus
1375 1642 1453 1675 dem
1466 1643 1588 1677 Haase

848 1687 1011 1730 tretend,
1034 1687 1156 1720 diesen
1174 1686 1262 1719 Vers
1289 1687 1381 1719 noch
1403 1687 1460 1720 ins
1485 1688 1587 1722 Haus

848 1732 989 1770 hinein;
1017 1733 1107 1772 iam,
1136 1731 1325 1774 ‚‚gleich“;
1359 1744 1402 1765 ex
1425 1733 1483 1766 his
1506 1733 1528 1766 i.
1553 1745 1585 1768 e.

847 1789 890 1810 ex
907 1777 1116 1810 Philocrate
1138 1782 1175 1809 et
1197 1776 1394 1819 Tyndaro,
1417 1777 1493 1820 die,
1518 1778 1588 1811 wie

847 1834 885 1855 er
901 1822 1024 1864 meint,
1040 1820 1272 1855 unmittelbar
1289 1827 1376 1854 ante
1389 1825 1496 1856 aedes
1513 1823 1588 1856 sein

847 1867 1007 1909 miissen,
1032 1867 1077 1899 da
1101 1878 1139 1899 er
1163 1866 1264 1899 nicht
1285 1867 1410 1910 weiss,
1433 1867 1513 1901 dass
1537 1869 1589 1902 sie

846 1912 903 1945 bei
917 1912 1015 1945 Seite
1030 1916 1195 1954 getreten
1211 1911 1303 1944 sind.
1327 1911 1383 1945 Da
1396 1924 1435 1945 er
1447 1913 1500 1946 sie
1514 1925 1589 1946 nun

849 1957 950 1990 nicht
966 1957 1082 1999 gleich
1100 1956 1211 1999 sieht,
1231 1968 1269 1989 so
1287 1958 1388 2000 fragt
1404 1969 1442 1990 er
1460 1959 1589 1992 natiir-

847 2002 917 2034 lich
936 2002 1027 2034 nach
1045 2002 1168 2035 ihnen.

893 2050 971 2080 250.
998 2048 1064 2079 tibi
1083 2046 1186 2079 nicht
1199 2046 1264 2079 mit
1280 2052 1430 2080 cautum
1447 2058 1493 2080 zu
1509 2059 1590 2082 ver-

846 2092 1133 2125 binden.-—-cave
1141 2103 1185 2124 ne
1193 2092 1230 2124 in
1241 2093 1454 2134 quaestione
1463 2093 1588 2136 (mihi)

848 2138 899 2170 sis
926 2137 973 2170 ist
988 2136 1159 2170 stehende
1175 2136 1352 2169 familiare
1369 2136 1589 2181 Redeweise,

849 2272 980 2306 Pseud.
1006 2271 1042 2304 II
1060 2275 1099 2313 2,
1117 2274 1172 2305 68.
1211 2271 1313 2304 Pers.
1332 2270 1347 2303 I
1367 2275 1383 2304 1
1396 2297 1404 2313 ,
1422 2275 1475 2306 52.
1504 2253 1586 2307 bas.

846 2317 903 2349 III
928 2320 958 2358 1,
986 2320 1045 2357 163
1072 2316 1143 2359 vgl.
1168 2315 1245 2349 Mil.
1264 2316 1314 2349 IV
1328 2319 1348 2349 6
1361 2343 1369 2359 ,
1384 2319 1427 2350 64
1445 2318 1527 2351 vide
1543 2330 1589 2352 ne

848 2363 918 2395 sies
942 2362 999 2394 illi
1022 2362 1287 2405 expectationi,
1316 2373 1371 2394 wo
1402 2362 1493 2395 auch
1517 2363 1588 2397 sies

848 2408 887 2440 in
905 2407 1156 2450 expectatione
1173 2406 1313 2449 gelesen
1332 2406 1436 2441 wird.

893 2454 968 2487 252.
995 2463 1102 2494 quom
1125 2452 1235 2484 etiam
1258 2457 1361 2484 cavet
1384 2451 1407 2486 i.
1426 2463 1457 2486 e.
1479 2452 1588 2486 etiam

847 2496 953 2540 [tum]
973 2507 1080 2540 quom
1098 2500 1213 2529 cavet.

893 2544 968 2575 253.
994 2543 1134 2574 cavisse
1158 2541 1250 2574 ohne
1268 2553 1305 2574 se
1323 2541 1415 2574 nach
1432 2541 1588 2585 griechi-

848 2586 949 2620 scher
965 2586 1105 2628 Weise,
1122 2589 1198 2620 362.
1223 2585 1288 2619 Tr.
1307 2589 1336 2619 5.
1357 2588 1433 2620 956.
1460 2587 1588 2632 Amph.

847 2631 903 2664 III
927 2634 967 2672 2,
986 2634 1015 2665 9.
1060 2631 1160 2664 Asin.
1185 2630 1222 2662 ΙΙ
1245 2634 1284 2673 3,
1308 2634 1361 2665 14.
1402 2631 1440 2664 II
1468 2635 1508 2674 4,
1533 2635 1586 2668 36.

847 2676 902 2708 111
919 2678 955 2717 1,
976 2678 1018 2708 26
1036 2676 1152 2718 (529).
1179 2675 1231 2708 IV
1252 2678 1356 2717 1,44.
1372 2679 1426 2710 61.
1442 2695 1482 2700 —
1501 2688 1588 2709 cau-

847 2726 905 2754 tor
922 2726 1055 2764 captus
1072 2726 1143 2762 est,
1168 2720 1260 2753 auch
1284 2719 1392 2763 Epid.
1411 2720 1467 2753 III
1484 2723 1517 2763 2,
1531 2724 1585 2757 23.

891 2767 967 2800 254,
996 2778 1111 2799 causa
1130 2770 1183 2798 est
1200 2771 1242 2798 ut
1259 2765 1414 2798 familiar
1431 2765 1490 2798 fiir
1508 2777 1587 2800 cur.

891 2813 970 2844 256.
997 2811 1084 2854 quia
1104 2809 1173 2843 wie
1193 2813 1266 2844 199.
